  <div class='ocr_page' id='page_1' title='image "/cluster/home/n/w/nwhite01/storage/ocr_20150623/15/uva.x000826533/458.png"; bbox 0 0 3964 6336; ppageno 0'>
   <div class='ocr_carea' id='block_1_1' title="bbox 206 328 353 392">
    <p class='ocr_par' dir='ltr' id='par_1_1' title="bbox 206 328 353 392">
     <span class='ocr_line' id='line_1_1' title="bbox 206 328 353 392; baseline 0 -1"><span class='ocrx_word' id='word_1_1' title='bbox 206 328 353 392; x_wconf 70' lang='lat'><strong>2083</strong></span> 
     </span>
    </p>
   </div>
   <div class='ocr_carea' id='block_1_2' title="bbox 1081 330 2650 394">
    <p class='ocr_par' dir='ltr' id='par_1_2' title="bbox 1081 330 2650 394">
     <span class='ocr_line' id='line_1_2' title="bbox 1081 330 2650 394; baseline -0.001 -3"><span class='ocrx_word' id='word_1_2' title='bbox 1081 334 1350 394; x_wconf 82' lang='lat' dir='ltr'><strong>lllSTOR.</strong></span> <span class='ocrx_word' id='word_1_3' title='bbox 1400 337 1487 392; x_wconf 87' lang='lat' dir='ltr'><strong>DE</strong></span> <span class='ocrx_word' id='word_1_4' title='bbox 1529 330 1806 392; x_wconf 73' lang='lat' dir='ltr'><strong>EXCIDIO</strong></span> <span class='ocrx_word' id='word_1_5' title='bbox 1848 330 2119 390; x_wconf 80' lang='lat' dir='ltr'><strong>HIEROS.</strong></span> <span class='ocrx_word' id='word_1_6' title='bbox 2162 330 2367 390; x_wconf 81' lang='lat' dir='ltr'><strong>URBIS</strong></span> <span class='ocrx_word' id='word_1_7' title='bbox 2406 332 2539 390; x_wconf 87' lang='lat' dir='ltr'><strong>LIB.</strong></span> <span class='ocrx_word' id='word_1_8' title='bbox 2582 334 2650 392; x_wconf 84' lang='lat' dir='ltr'><strong>Il.</strong></span> 
     </span>
    </p>
   </div>
   <div class='ocr_carea' id='block_1_3' title="bbox 3396 341 3539 400">
    <p class='ocr_par' dir='ltr' id='par_1_3' title="bbox 3396 341 3539 400">
     <span class='ocr_line' id='line_1_3' title="bbox 3396 341 3539 400; baseline 0 -3"><span class='ocrx_word' id='word_1_9' title='bbox 3396 341 3539 400; x_wconf 63' lang='lat'><strong>2086</strong></span> 
     </span>
    </p>
   </div>
   <div class='ocr_carea' id='block_1_4' title="bbox 211 447 3542 522">
    <p class='ocr_par' dir='ltr' id='par_1_4' title="bbox 211 447 3542 522">
     <span class='ocr_line' id='line_1_4' title="bbox 211 447 3542 522; baseline 0.002 -16"><span class='ocrx_word' id='word_1_10' title='bbox 211 461 324 507; x_wconf 88' lang='lat' dir='ltr'><strong>tam</strong></span> <span class='ocrx_word' id='word_1_11' title='bbox 373 449 696 522; x_wconf 78' lang='lat' dir='ltr'><strong>proditionis</strong></span> <span class='ocrx_word' id='word_1_12' title='bbox 745 451 996 507; x_wconf 79' lang='lat' dir='ltr'><strong>videbit?</strong></span> <span class='ocrx_word' id='word_1_13' title='bbox 1027 451 1217 509; x_wconf 87' lang='lat' dir='ltr'><strong>Utrum</strong></span> <span class='ocrx_word' id='word_1_14' title='bbox 1280 452 1453 507; x_wconf 89' lang='lat' dir='ltr'><strong>mavis</strong></span> <span class='ocrx_word' id='word_1_15' title='bbox 1498 451 1640 522; x_wconf 82' lang='lat' dir='ltr'><strong>elige</strong></span> <span class='ocrx_word' id='word_1_16' title='bbox 1674 468 1687 502; x_wconf 90' lang='lat'>:</span> <span class='ocrx_word' id='word_1_17' title='bbox 1724 450 1815 504; x_wconf 94' lang='lat' dir='ltr'><strong>ho-</strong></span> <span class='ocrx_word' id='word_1_18' title='bbox 1854 456 1906 513; x_wconf 82' lang='grc' dir='ltr'>Α</span> <span class='ocrx_word' id='word_1_19' title='bbox 1936 460 2156 517; x_wconf 74' lang='lat' dir='ltr'><strong>promer</strong></span> <span class='ocrx_word' id='word_1_20' title='bbox 2173 459 2389 517; x_wconf 85' lang='lat' dir='ltr'><strong>peccata</strong></span> <span class='ocrx_word' id='word_1_21' title='bbox 2416 455 2599 503; x_wconf 85' lang='lat' dir='ltr'><strong>nostra</strong></span> <span class='ocrx_word' id='word_1_22' title='bbox 2621 462 2719 504; x_wconf 89' lang='lat' dir='ltr'><strong>nos</strong></span> <span class='ocrx_word' id='word_1_23' title='bbox 2742 447 3088 518; x_wconf 73' lang='lat' dir='ltr'><strong>adiudicavit.</strong></span> <span class='ocrx_word' id='word_1_24' title='bbox 3115 452 3542 512; x_wconf 52' lang='lat' dir='ltr'><strong>Necmibibluu.</strong></span> 
     </span>
    </p>
   </div>
   <div class='ocr_carea' id='block_1_5' title="bbox 212 545 1824 617">
    <p class='ocr_par' dir='ltr' id='par_1_5' title="bbox 212 545 1824 617">
     <span class='ocr_line' id='line_1_5' title="bbox 212 545 1824 617; baseline -0.002 -17"><span class='ocrx_word' id='word_1_25' title='bbox 212 562 333 601; x_wconf 83' lang='lat' dir='ltr'><strong>runt</strong></span> <span class='ocrx_word' id='word_1_26' title='bbox 366 547 595 600; x_wconf 87' lang='lat' dir='ltr'><strong>alterum</strong></span> <span class='ocrx_word' id='word_1_27' title='bbox 625 547 697 601; x_wconf 91' lang='lat' dir='ltr'><strong>sit</strong></span> <span class='ocrx_word' id='word_1_28' title='bbox 729 561 956 601; x_wconf 85' lang='lat' dir='ltr'><strong>necesse</strong></span> <span class='ocrx_word' id='word_1_29' title='bbox 988 553 1093 601; x_wconf 81' lang='lat' dir='ltr'><strong>cst.</strong></span> <span class='ocrx_word' id='word_1_30' title='bbox 1127 546 1248 602; x_wconf 84' lang='lat' dir='ltr'><strong>Vita</strong></span> <span class='ocrx_word' id='word_1_31' title='bbox 1285 555 1372 601; x_wconf 86' lang='lat' dir='ltr'><strong>tua</strong></span> <span class='ocrx_word' id='word_1_32' title='bbox 1404 556 1494 600; x_wconf 89' lang='lat' dir='ltr'><strong>aut</strong></span> <span class='ocrx_word' id='word_1_33' title='bbox 1532 545 1824 617; x_wconf 81' lang='lat' dir='ltr'><strong>pr.ctuittm</strong></span> 
     </span>
    </p>
   </div>
   <div class='ocr_carea' id='block_1_6' title="bbox 212 637 1832 714">
    <p class='ocr_par' dir='ltr' id='par_1_6' title="bbox 212 637 1832 714">
     <span class='ocr_line' id='line_1_6' title="bbox 212 637 1832 714; baseline -0.002 -19"><span class='ocrx_word' id='word_1_34' title='bbox 212 640 541 714; x_wconf 89' lang='lat' dir='ltr'><strong>proditionis</strong></span> <span class='ocrx_word' id='word_1_35' title='bbox 570 641 695 708; x_wconf 89' lang='lat' dir='ltr'><strong>erit,</strong></span> <span class='ocrx_word' id='word_1_36' title='bbox 732 649 824 696; x_wconf 91' lang='lat' dir='ltr'><strong>aut</strong></span> <span class='ocrx_word' id='word_1_37' title='bbox 862 641 1138 697; x_wconf 83' lang='lat' dir='ltr'><strong>servitutis</strong></span> <span class='ocrx_word' id='word_1_38' title='bbox 1166 641 1514 712; x_wconf 86' lang='lat' dir='ltr'><strong>supplicium.</strong></span> <span class='ocrx_word' id='word_1_39' title='bbox 1547 640 1640 694; x_wconf 89' lang='lat' dir='ltr'><strong>llis</strong></span> <span class='ocrx_word' id='word_1_40' title='bbox 1670 637 1832 694; x_wconf 86' lang='lat' dir='ltr'><strong>dictis</strong></span> 
     </span>
    </p>
   </div>
   <div class='ocr_carea' id='block_1_7' title="bbox 216 730 1829 804">
    <p class='ocr_par' dir='ltr' id='par_1_7' title="bbox 216 730 1829 804">
     <span class='ocr_line' id='line_1_7' title="bbox 216 730 1829 804; baseline -0.005 -14"><span class='ocrx_word' id='word_1_41' title='bbox 216 733 823 804; x_wconf 71' lang='lat' dir='ltr'><strong>intentaruutglzidios,</strong></span> <span class='ocrx_word' id='word_1_42' title='bbox 854 733 1155 788; x_wconf 88' lang='lat' dir='ltr'><strong>addentes:</strong></span> <span class='ocrx_word' id='word_1_43' title='bbox 1203 732 1259 788; x_wconf 83' lang='lat' dir='ltr'><strong>Si</strong></span> <span class='ocrx_word' id='word_1_44' title='bbox 1312 730 1617 801; x_wconf 75' lang='lat' dir='ltr'><strong>acquiescis</strong></span> <span class='ocrx_word' id='word_1_45' title='bbox 1669 730 1829 795; x_wconf 91' lang='lat' dir='ltr'><strong>mori,</strong></span> 
     </span>
    </p>
   </div>
   <div class='ocr_carea' id='block_1_8' title="bbox 213 825 1829 897">
    <p class='ocr_par' dir='ltr' id='par_1_8' title="bbox 213 825 1829 897">
     <span class='ocr_line' id='line_1_8' title="bbox 213 825 1829 897; baseline -0.001 -19"><span class='ocrx_word' id='word_1_46' title='bbox 213 828 373 897; x_wconf 72' lang='lat' dir='ltr'><strong>quasi</strong></span> <span class='ocrx_word' id='word_1_47' title='bbox 428 825 583 880; x_wconf 91' lang='lat' dir='ltr'><strong>amici</strong></span> <span class='ocrx_word' id='word_1_48' title='bbox 644 826 1009 881; x_wconf 83' lang='lat' dir='ltr'><strong>ministerium</strong></span> <span class='ocrx_word' id='word_1_49' title='bbox 1072 826 1386 895; x_wconf 68' lang='lat' dir='ltr'><strong>pra-bemus</strong></span> <span class='ocrx_word' id='word_1_50' title='bbox 1427 844 1440 880; x_wconf 92' lang='lat'><strong>:</strong></span> <span class='ocrx_word' id='word_1_51' title='bbox 1480 826 1524 879; x_wconf 90' lang='lat' dir='ltr'><strong>si</strong></span> <span class='ocrx_word' id='word_1_52' title='bbox 1581 838 1829 890; x_wconf 84' lang='lat' dir='ltr'><strong>recusas,</strong></span> 
     </span>
    </p>
   </div>
   <div class='ocr_carea' id='block_1_9' title="bbox 212 917 1221 990">
    <p class='ocr_par' dir='ltr' id='par_1_9' title="bbox 212 917 1221 990">
     <span class='ocr_line' id='line_1_9' title="bbox 212 917 1221 990; baseline 0.001 -20"><span class='ocrx_word' id='word_1_53' title='bbox 212 919 374 990; x_wconf 84' lang='lat' dir='ltr'><strong>quasi</strong></span> <span class='ocrx_word' id='word_1_54' title='bbox 405 918 603 990; x_wconf 88' lang='lat' dir='ltr'><strong>proditi</strong></span> <span class='ocrx_word' id='word_1_55' title='bbox 636 917 901 973; x_wconf 91' lang='lat' dir='ltr'><strong>ultionem</strong></span> <span class='ocrx_word' id='word_1_56' title='bbox 933 918 1221 987; x_wconf 77' lang='lat' dir='ltr'><strong>exigimus.</strong></span> 
     </span>
    </p>
   </div>
   <div class='ocr_carea' id='block_1_10' title="bbox 799 1010 1247 1067">
    <p class='ocr_par' dir='ltr' id='par_1_10' title="bbox 799 1010 1247 1067">
     <span class='ocr_line' id='line_1_10' title="bbox 799 1010 1247 1067; baseline -0.002 -2"><span class='ocrx_word' id='word_1_57' title='bbox 799 1010 1030 1067; x_wconf 84' lang='lat' dir='ltr'><strong>CAPUT</strong></span> <span class='ocrx_word' id='word_1_58' title='bbox 1077 1010 1247 1066; x_wconf 82' lang='lat' dir='ltr'><strong>XVII.</strong></span> 
     </span>
    </p>
   </div>
   <div class='ocr_carea' id='block_1_11' title="bbox 291 1103 1833 1176">
    <p class='ocr_par' dir='ltr' id='par_1_11' title="bbox 291 1103 1833 1176">
     <span class='ocr_line' id='line_1_11' title="bbox 291 1103 1833 1176; baseline -0.003 -16"><span class='ocrx_word' id='word_1_59' title='bbox 291 1106 369 1160; x_wconf 80' lang='lat' dir='ltr'><strong>Ad</strong></span> <span class='ocrx_word' id='word_1_60' title='bbox 404 1107 519 1160; x_wconf 67' lang='lat' dir='ltr'><strong>haec</strong></span> <span class='ocrx_word' id='word_1_61' title='bbox 545 1104 814 1174; x_wconf 85' lang='lat' dir='ltr'><strong>Josephus</strong></span> <span class='ocrx_word' id='word_1_62' title='bbox 843 1103 1009 1160; x_wconf 70' lang='lat' dir='ltr'><strong>refert</strong></span> <span class='ocrx_word' id='word_1_63' title='bbox 1037 1121 1050 1157; x_wconf 93' lang='lat'><strong>:</strong></span> <span class='ocrx_word' id='word_1_64' title='bbox 1079 1105 1145 1158; x_wconf 86' lang='lat' dir='ltr'><strong>Et</strong></span> <span class='ocrx_word' id='word_1_65' title='bbox 1172 1106 1295 1176; x_wconf 87' lang='lat' dir='ltr'><strong>quis</strong></span> <span class='ocrx_word' id='word_1_66' title='bbox 1326 1106 1458 1160; x_wconf 87' lang='lat' dir='ltr'><strong>velit</strong></span> <span class='ocrx_word' id='word_1_67' title='bbox 1498 1120 1620 1159; x_wconf 90' lang='lat' dir='ltr'><strong>esse</strong></span> <span class='ocrx_word' id='word_1_68' title='bbox 1667 1114 1833 1157; x_wconf 67' lang='lat' dir='ltr'><strong>tantae</strong></span> 
     </span>
    </p>
   </div>
   <div class='ocr_carea' id='block_1_12' title="bbox 212 1194 1834 1267">
    <p class='ocr_par' dir='ltr' id='par_1_12' title="bbox 212 1194 1834 1267">
     <span class='ocr_line' id='line_1_12' title="bbox 212 1194 1834 1267; baseline -0.004 -15"><span class='ocrx_word' id='word_1_69' title='bbox 212 1197 415 1252; x_wconf 87' lang='lat' dir='ltr'><strong>mortis</strong></span> <span class='ocrx_word' id='word_1_70' title='bbox 435 1196 738 1267; x_wconf 79' lang='lat' dir='ltr'><strong>superstes?</strong></span> <span class='ocrx_word' id='word_1_71' title='bbox 765 1195 901 1264; x_wconf 86' lang='lat' dir='ltr'><strong>Quis</strong></span> <span class='ocrx_word' id='word_1_72' title='bbox 915 1197 1085 1266; x_wconf 79' lang='lat' dir='ltr'><strong>eligat</strong></span> <span class='ocrx_word' id='word_1_73' title='bbox 1108 1196 1222 1251; x_wconf 87' lang='lat' dir='ltr'><strong>fieri</strong></span> <span class='ocrx_word' id='word_1_74' title='bbox 1246 1197 1421 1250; x_wconf 73' lang='lat' dir='ltr'><strong>hmres</strong></span> <span class='ocrx_word' id='word_1_75' title='bbox 1440 1196 1647 1249; x_wconf 88' lang='lat' dir='ltr'><strong>doloris</strong></span> <span class='ocrx_word' id='word_1_76' title='bbox 1665 1194 1834 1261; x_wconf 75' lang='lat' dir='ltr'><strong>‘tQuis</strong></span> 
     </span>
    </p>
   </div>
   <div class='ocr_carea' id='block_1_13' title="bbox 213 1288 1829 1361">
    <p class='ocr_par' dir='ltr' id='par_1_13' title="bbox 213 1288 1829 1361">
     <span class='ocr_line' id='line_1_13' title="bbox 213 1288 1829 1361; baseline -0.005 -15"><span class='ocrx_word' id='word_1_77' title='bbox 213 1293 455 1346; x_wconf 88' lang='lat' dir='ltr'><strong>animam</strong></span> <span class='ocrx_word' id='word_1_78' title='bbox 504 1306 655 1344; x_wconf 90' lang='lat' dir='ltr'><strong>suam</strong></span> <span class='ocrx_word' id='word_1_79' title='bbox 683 1291 818 1345; x_wconf 81' lang='lat' dir='ltr'><strong>nolit</strong></span> <span class='ocrx_word' id='word_1_80' title='bbox 839 1306 906 1345; x_wconf 83' lang='lat' dir='ltr'><strong>ex</strong></span> <span class='ocrx_word' id='word_1_81' title='bbox 937 1290 1055 1361; x_wconf 89' lang='lat' dir='ltr'><strong>ipso</strong></span> <span class='ocrx_word' id='word_1_82' title='bbox 1071 1305 1304 1361; x_wconf 89' lang='lat' dir='ltr'><strong>corpore</strong></span> <span class='ocrx_word' id='word_1_83' title='bbox 1336 1288 1549 1354; x_wconf 90' lang='lat' dir='ltr'><strong>mortis,</strong></span> <span class='ocrx_word' id='word_1_84' title='bbox 1573 1289 1617 1343; x_wconf 89' lang='lat' dir='ltr'><strong>si</strong></span> <span class='ocrx_word' id='word_1_85' title='bbox 1649 1288 1829 1353; x_wconf 87' lang='lat' dir='ltr'><strong>liccat,</strong></span> 
     </span>
    </p>
   </div>
   <div class='ocr_carea' id='block_1_14' title="bbox 215 1383 1829 1454">
    <p class='ocr_par' dir='ltr' id='par_1_14' title="bbox 215 1383 1829 1454">
     <span class='ocr_line' id='line_1_14' title="bbox 215 1383 1829 1454; baseline -0.004 -12"><span class='ocrx_word' id='word_1_86' title='bbox 215 1387 429 1443; x_wconf 77' lang='lat' dir='ltr'><strong>absolvi</strong></span> <span class='ocrx_word' id='word_1_87' title='bbox 453 1387 589 1442; x_wconf 73' lang='lat' dir='ltr'><strong>‘tsed</strong></span> <span class='ocrx_word' id='word_1_88' title='bbox 623 1401 728 1442; x_wconf 92' lang='lat' dir='ltr'><strong>non</strong></span> <span class='ocrx_word' id='word_1_89' title='bbox 762 1386 891 1441; x_wconf 89' lang='lat' dir='ltr'><strong>licet</strong></span> <span class='ocrx_word' id='word_1_90' title='bbox 941 1386 1186 1454; x_wconf 82' lang='lat' dir='ltr'><strong>solvere,</strong></span> <span class='ocrx_word' id='word_1_91' title='bbox 1217 1387 1318 1440; x_wconf 88' lang='lat' dir='ltr'><strong>nisi</strong></span> <span class='ocrx_word' id='word_1_92' title='bbox 1351 1386 1400 1440; x_wconf 90' lang='lat' dir='ltr'><strong>ei</strong></span> <span class='ocrx_word' id='word_1_93' title='bbox 1424 1383 1518 1453; x_wconf 90' lang='lat' dir='ltr'><strong>qui</strong></span> <span class='ocrx_word' id='word_1_94' title='bbox 1551 1383 1829 1453; x_wconf 85' lang='lat' dir='ltr'><strong>ligaverit.</strong></span> 
     </span>
    </p>
   </div>
   <div class='ocr_carea' id='block_1_15' title="bbox 214 1475 1837 1549">
    <p class='ocr_par' dir='ltr' id='par_1_15' title="bbox 214 1475 1837 1549">
     <span class='ocr_line' id='line_1_15' title="bbox 214 1475 1837 1549; baseline -0.005 -13"><span class='ocrx_word' id='word_1_95' title='bbox 214 1480 435 1536; x_wconf 75' lang='lat' dir='ltr'><strong>Naturae</strong></span> <span class='ocrx_word' id='word_1_96' title='bbox 464 1481 683 1535; x_wconf 87' lang='lat' dir='ltr'><strong>vinculo</strong></span> <span class='ocrx_word' id='word_1_97' title='bbox 706 1479 993 1549; x_wconf 80' lang='lat' dir='ltr'><strong>conjuncta</strong></span> <span class='ocrx_word' id='word_1_98' title='bbox 1024 1489 1107 1534; x_wconf 64' lang='lat' dir='ltr'><strong>est</strong></span> <span class='ocrx_word' id='word_1_99' title='bbox 1128 1480 1303 1531; x_wconf 90' lang='lat' dir='ltr'><strong>anima</strong></span> <span class='ocrx_word' id='word_1_100' title='bbox 1336 1475 1725 1547; x_wconf 85' lang='lat' dir='ltr'><strong>corpori.Qnis</strong></span> <span class='ocrx_word' id='word_1_101' title='bbox 1743 1492 1837 1528; x_wconf 90' lang='lat' dir='ltr'><strong>au-</strong></span> 
     </span>
    </p>
   </div>
   <div class='ocr_carea' id='block_1_16' title="bbox 214 1567 1837 1640">
    <p class='ocr_par' dir='ltr' id='par_1_16' title="bbox 214 1567 1837 1640">
     <span class='ocr_line' id='line_1_16' title="bbox 214 1567 1837 1640; baseline -0.007 -11"><span class='ocrx_word' id='word_1_102' title='bbox 214 1581 338 1629; x_wconf 90' lang='lat' dir='ltr'><strong>ctor</strong></span> <span class='ocrx_word' id='word_1_103' title='bbox 357 1582 566 1627; x_wconf 70' lang='lat' dir='ltr'><strong>naturae</strong></span> <span class='ocrx_word' id='word_1_104' title='bbox 582 1571 683 1626; x_wconf 54' lang='lat' dir='ltr'><strong>Illrl</strong></span> <span class='ocrx_word' id='word_1_105' title='bbox 710 1570 1057 1640; x_wconf 88' lang='lat' dir='ltr'><strong>omnipotens</strong></span> <span class='ocrx_word' id='word_1_106' title='bbox 1074 1568 1251 1624; x_wconf 88' lang='lat' dir='ltr'><strong>Deus?</strong></span> <span class='ocrx_word' id='word_1_107' title='bbox 1273 1569 1408 1636; x_wconf 85' lang='lat' dir='ltr'><strong>Quis</strong></span> <span class='ocrx_word' id='word_1_108' title='bbox 1432 1568 1535 1622; x_wconf 88' lang='lat' dir='ltr'><strong>hoc</strong></span> <span class='ocrx_word' id='word_1_109' title='bbox 1557 1567 1755 1621; x_wconf 67' lang='lat' dir='ltr'><strong>animm</strong></span> <span class='ocrx_word' id='word_1_110' title='bbox 1782 1573 1837 1620; x_wconf 89' lang='lat' dir='ltr'><strong>et</strong></span> 
     </span>
    </p>
   </div>
   <div class='ocr_carea' id='block_1_17' title="bbox 214 1660 1839 1737">
    <p class='ocr_par' dir='ltr' id='par_1_17' title="bbox 214 1660 1839 1737">
     <span class='ocr_line' id='line_1_17' title="bbox 214 1660 1839 1737; baseline -0.007 -15"><span class='ocrx_word' id='word_1_111' title='bbox 214 1666 471 1737; x_wconf 76' lang='lat' dir='ltr'><strong>corporis</strong></span> <span class='ocrx_word' id='word_1_112' title='bbox 496 1665 667 1719; x_wconf 88' lang='lat' dir='ltr'><strong>nostri</strong></span> <span class='ocrx_word' id='word_1_113' title='bbox 692 1665 801 1720; x_wconf 90' lang='lat' dir='ltr'><strong>Deo</strong></span> <span class='ocrx_word' id='word_1_114' title='bbox 825 1664 1076 1734; x_wconf 89' lang='lat' dir='ltr'><strong>placitum</strong></span> <span class='ocrx_word' id='word_1_115' title='bbox 1098 1662 1519 1717; x_wconf 78' lang='lat' dir='ltr'><strong>contubernium</strong></span> <span class='ocrx_word' id='word_1_116' title='bbox 1544 1660 1839 1727; x_wconf 87' lang='lat' dir='ltr'><strong>interrum-</strong></span> 
     </span>
    </p>
   </div>
   <div class='ocr_carea' id='block_1_18' title="bbox 213 1754 1835 1831">
    <p class='ocr_par' dir='ltr' id='par_1_18' title="bbox 213 1754 1835 1831">
     <span class='ocr_line' id='line_1_18' title="bbox 213 1754 1835 1831; baseline -0.004 -17"><span class='ocrx_word' id='word_1_117' title='bbox 213 1777 351 1831; x_wconf 64' lang='lat' dir='ltr'><strong>pere</strong></span> <span class='ocrx_word' id='word_1_118' title='bbox 376 1776 439 1815; x_wconf 90' lang='lat' dir='ltr'><strong>ac</strong></span> <span class='ocrx_word' id='word_1_119' title='bbox 462 1759 763 1814; x_wconf 75' lang='lat' dir='ltr'><strong>dissociare</strong></span> <span class='ocrx_word' id='word_1_120' title='bbox 789 1757 1032 1813; x_wconf 79' lang='lat' dir='ltr'><strong>audeat?</strong></span> <span class='ocrx_word' id='word_1_121' title='bbox 1069 1756 1126 1812; x_wconf 88' lang='lat' dir='ltr'><strong>Si</strong></span> <span class='ocrx_word' id='word_1_122' title='bbox 1159 1755 1278 1825; x_wconf 85' lang='lat' dir='ltr'><strong>quis</strong></span> <span class='ocrx_word' id='word_1_123' title='bbox 1304 1755 1556 1824; x_wconf 84' lang='lat' dir='ltr'><strong>imposita</strong></span> <span class='ocrx_word' id='word_1_124' title='bbox 1585 1754 1835 1809; x_wconf 89' lang='lat' dir='ltr'><strong>manibus</strong></span> 
     </span>
    </p>
   </div>
   <div class='ocr_carea' id='block_1_19' title="bbox 1935 543 3539 613">
    <p class='ocr_par' dir='ltr' id='par_1_19' title="bbox 1935 543 3539 613">
     <span class='ocr_line' id='line_1_19' title="bbox 1935 543 3539 613; baseline 0.007 -19"><span class='ocrx_word' id='word_1_125' title='bbox 1935 543 2076 604; x_wconf 85' lang='lat' dir='ltr'><strong>dior,</strong></span> <span class='ocrx_word' id='word_1_126' title='bbox 2118 547 2260 612; x_wconf 84' lang='lat' dir='ltr'><strong>quod</strong></span> <span class='ocrx_word' id='word_1_127' title='bbox 2313 544 2642 611; x_wconf 71' lang='lat' dir='ltr'><strong>parcendum</strong></span> <span class='ocrx_word' id='word_1_128' title='bbox 2695 544 3016 613; x_wconf 82' lang='lat' dir='ltr'><strong>spondeam.</strong></span> <span class='ocrx_word' id='word_1_129' title='bbox 3049 544 3262 602; x_wconf 86' lang='lat' dir='ltr'><strong>Utinam</strong></span> <span class='ocrx_word' id='word_1_130' title='bbox 3316 549 3539 605; x_wconf 81' lang='lat' dir='ltr'><strong>fallant!</strong></span> 
     </span>
    </p>
   </div>
   <div class='ocr_carea' id='block_1_20' title="bbox 1941 633 3547 707">
    <p class='ocr_par' dir='ltr' id='par_1_20' title="bbox 1941 633 3547 707">
     <span class='ocr_line' id='line_1_20' title="bbox 1941 633 3547 707; baseline 0.007 -21"><span class='ocrx_word' id='word_1_131' title='bbox 1941 633 2032 687; x_wconf 66' lang='grc' dir='ltr'><strong>γει</strong></span> <span class='ocrx_word' id='word_1_132' title='bbox 2079 634 2183 688; x_wconf 91' lang='lat' dir='ltr'><strong>hoc</strong></span> <span class='ocrx_word' id='word_1_133' title='bbox 2242 633 2451 689; x_wconf 89' lang='lat' dir='ltr'><strong>lucrum</strong></span> <span class='ocrx_word' id='word_1_134' title='bbox 2503 637 2694 702; x_wconf 76' lang='lat' dir='ltr'><strong>fet-aut,</strong></span> <span class='ocrx_word' id='word_1_135' title='bbox 2725 638 2867 707; x_wconf 90' lang='lat' dir='ltr'><strong>quod</strong></span> <span class='ocrx_word' id='word_1_136' title='bbox 2912 653 2998 691; x_wconf 92' lang='lat' dir='ltr'><strong>me</strong></span> <span class='ocrx_word' id='word_1_137' title='bbox 3035 638 3114 692; x_wconf 82' lang='lat' dir='ltr'><strong>sic</strong></span> <span class='ocrx_word' id='word_1_138' title='bbox 3156 640 3453 697; x_wconf 85' lang='lat' dir='ltr'><strong>timuerunt</strong></span> <span class='ocrx_word' id='word_1_139' title='bbox 3491 654 3547 698; x_wconf 89' lang='lat' dir='ltr'><strong>ut</strong></span> 
     </span>
    </p>
   </div>
   <div class='ocr_carea' id='block_1_21' title="bbox 1934 723 3545 805">
    <p class='ocr_par' dir='ltr' id='par_1_21' title="bbox 1934 723 3545 805">
     <span class='ocr_line' id='line_1_21' title="bbox 1934 723 3545 805; baseline 0.008 -28"><span class='ocrx_word' id='word_1_140' title='bbox 1934 723 2221 792; x_wconf 83' lang='lat' dir='ltr'><strong>fallerent;</strong></span> <span class='ocrx_word' id='word_1_141' title='bbox 2249 727 2331 781; x_wconf 89' lang='lat' dir='ltr'><strong>vel</strong></span> <span class='ocrx_word' id='word_1_142' title='bbox 2357 726 2496 782; x_wconf 88' lang='lat' dir='ltr'><strong>hanc</strong></span> <span class='ocrx_word' id='word_1_143' title='bbox 2530 729 2792 783; x_wconf 88' lang='lat' dir='ltr'><strong>ultionem</strong></span> <span class='ocrx_word' id='word_1_144' title='bbox 2827 729 3099 797; x_wconf 83' lang='lat' dir='ltr'><strong>referam,</strong></span> <span class='ocrx_word' id='word_1_145' title='bbox 3125 733 3250 802; x_wconf 84' lang='lat' dir='ltr'><strong>quia</strong></span> <span class='ocrx_word' id='word_1_146' title='bbox 3284 734 3545 805; x_wconf 86' lang='lat' dir='ltr'><strong>frangunt</strong></span> 
     </span>
    </p>
   </div>
   <div class='ocr_carea' id='block_1_22' title="bbox 1931 817 3537 894">
    <p class='ocr_par' dir='ltr' id='par_1_22' title="bbox 1931 817 3537 894">
     <span class='ocr_line' id='line_1_22' title="bbox 1931 817 3537 894; baseline 0.007 -23"><span class='ocrx_word' id='word_1_147' title='bbox 1931 817 2118 872; x_wconf 78' lang='lat' dir='ltr'><strong>fidem.</strong></span> <span class='ocrx_word' id='word_1_148' title='bbox 2139 818 2277 874; x_wconf 76' lang='lat' dir='ltr'><strong>Malo</strong></span> <span class='ocrx_word' id='word_1_149' title='bbox 2306 819 2526 874; x_wconf 89' lang='lat' dir='ltr'><strong>illorum</strong></span> <span class='ocrx_word' id='word_1_150' title='bbox 2554 822 2839 878; x_wconf 88' lang='lat' dir='ltr'><strong>latrocinio</strong></span> <span class='ocrx_word' id='word_1_151' title='bbox 2870 827 3048 889; x_wconf 87' lang='lat' dir='ltr'><strong>perire</strong></span> <span class='ocrx_word' id='word_1_152' title='bbox 3078 841 3236 894; x_wconf 88' lang='lat' dir='ltr'><strong>quam</strong></span> <span class='ocrx_word' id='word_1_153' title='bbox 3265 842 3407 882; x_wconf 90' lang='lat' dir='ltr'><strong>meo.</strong></span> <span class='ocrx_word' id='word_1_154' title='bbox 3434 828 3537 882; x_wconf 83' lang='lat' dir='ltr'><strong>La-</strong></span> 
     </span>
    </p>
   </div>
   <div class='ocr_carea' id='block_1_23' title="bbox 1938 912 3539 984">
    <p class='ocr_par' dir='ltr' id='par_1_23' title="bbox 1938 912 3539 984">
     <span class='ocr_line' id='line_1_23' title="bbox 1938 912 3539 984; baseline 0.004 -21"><span class='ocrx_word' id='word_1_155' title='bbox 1938 912 2226 965; x_wconf 84' lang='lat' dir='ltr'><strong>ttociniunt</strong></span> <span class='ocrx_word' id='word_1_156' title='bbox 2252 926 2429 966; x_wconf 86' lang='lat' dir='ltr'><strong>Ineunt</strong></span> <span class='ocrx_word' id='word_1_157' title='bbox 2458 921 2570 979; x_wconf 84' lang='lat' dir='ltr'><strong>est,</strong></span> <span class='ocrx_word' id='word_1_158' title='bbox 2605 914 2651 966; x_wconf 86' lang='lat' dir='ltr'><strong>si</strong></span> <span class='ocrx_word' id='word_1_159' title='bbox 2678 912 2808 967; x_wconf 85' lang='lat' dir='ltr'><strong>mihi</strong></span> <span class='ocrx_word' id='word_1_160' title='bbox 2849 915 2964 984; x_wconf 70' lang='lat' dir='ltr'><strong>ipse</strong></span> <span class='ocrx_word' id='word_1_161' title='bbox 2996 915 3235 972; x_wconf 77' lang='lat' dir='ltr'><strong>intulere</strong></span> <span class='ocrx_word' id='word_1_162' title='bbox 3273 934 3492 973; x_wconf 86' lang='lat' dir='ltr'><strong>manum</strong></span> <span class='ocrx_word' id='word_1_163' title='bbox 3524 936 3539 970; x_wconf 89' lang='lat'>:</span> 
     </span>
    </p>
   </div>
   <div class='ocr_carea' id='block_1_24' title="bbox 1934 1004 3547 1077">
    <p class='ocr_par' dir='ltr' id='par_1_24' title="bbox 1934 1004 3547 1077">
     <span class='ocr_line' id='line_1_24' title="bbox 1934 1004 3547 1077; baseline 0.007 -20"><span class='ocrx_word' id='word_1_164' title='bbox 1934 1005 1979 1057; x_wconf 83' lang='lat' dir='ltr'><strong>si</strong></span> <span class='ocrx_word' id='word_1_165' title='bbox 2005 1004 2216 1069; x_wconf 84' lang='lat' dir='ltr'><strong>hostes,</strong></span> <span class='ocrx_word' id='word_1_166' title='bbox 2236 1006 2579 1061; x_wconf 86' lang='lat' dir='ltr'><strong>beneficium.</strong></span> <span class='ocrx_word' id='word_1_167' title='bbox 2597 1007 2740 1077; x_wconf 86' lang='lat' dir='ltr'><strong>Ergo</strong></span> <span class='ocrx_word' id='word_1_168' title='bbox 2766 1009 2896 1062; x_wconf 88' lang='lat' dir='ltr'><strong>illud</strong></span> <span class='ocrx_word' id='word_1_169' title='bbox 2920 1025 3046 1065; x_wconf 90' lang='lat' dir='ltr'><strong>cum</strong></span> <span class='ocrx_word' id='word_1_170' title='bbox 3069 1010 3391 1067; x_wconf 85' lang='lat' dir='ltr'><strong>beneﬁcium</strong></span> <span class='ocrx_word' id='word_1_171' title='bbox 3412 1013 3547 1069; x_wconf 85' lang='lat' dir='ltr'><strong>dare</strong></span> 
     </span>
    </p>
   </div>
   <div class='ocr_carea' id='block_1_25' title="bbox 1939 1098 3542 1177">
    <p class='ocr_par' dir='ltr' id='par_1_25' title="bbox 1939 1098 3542 1177">
     <span class='ocr_line' id='line_1_25' title="bbox 1939 1098 3542 1177; baseline 0.011 -32"><span class='ocrx_word' id='word_1_172' title='bbox 1939 1106 2165 1164; x_wconf 76' lang='lat' dir='ltr'><strong>possent</strong></span> <span class='ocrx_word' id='word_1_173' title='bbox 2192 1098 2559 1154; x_wconf 77' lang='lat' dir='ltr'><strong>iltlel‘ltttettdt)</strong></span> <span class='ocrx_word' id='word_1_174' title='bbox 2584 1141 2599 1165; x_wconf 95' lang='lat'><strong>,</strong></span> <span class='ocrx_word' id='word_1_175' title='bbox 2622 1102 2948 1156; x_wconf 86' lang='lat' dir='ltr'><strong>servandum</strong></span> <span class='ocrx_word' id='word_1_176' title='bbox 2976 1115 3299 1172; x_wconf 75' lang='lat' dir='ltr'><strong>putaverunt</strong></span> <span class='ocrx_word' id='word_1_177' title='bbox 3318 1107 3463 1177; x_wconf 90' lang='lat' dir='ltr'><strong>quod</strong></span> <span class='ocrx_word' id='word_1_178' title='bbox 3488 1109 3542 1162; x_wconf 88' lang='lat' dir='ltr'><strong>in</strong></span> 
     </span>
    </p>
   </div>
   <div class='ocr_carea' id='block_1_26' title="bbox 1935 1189 3544 1263">
    <p class='ocr_par' dir='ltr' id='par_1_26' title="bbox 1935 1189 3544 1263">
     <span class='ocr_line' id='line_1_26' title="bbox 1935 1189 3544 1263; baseline 0.009 -21"><span class='ocrx_word' id='word_1_179' title='bbox 1935 1198 2208 1257; x_wconf 86' lang='lat' dir='ltr'><strong>potestate</strong></span> <span class='ocrx_word' id='word_1_180' title='bbox 2233 1189 2545 1245; x_wconf 80' lang='lat' dir='ltr'><strong>habebant:</strong></span> <span class='ocrx_word' id='word_1_181' title='bbox 2578 1199 2639 1246; x_wconf 92' lang='lat' dir='ltr'><strong>ut</strong></span> <span class='ocrx_word' id='word_1_182' title='bbox 2664 1208 2883 1263; x_wconf 87' lang='lat' dir='ltr'><strong>captum</strong></span> <span class='ocrx_word' id='word_1_183' title='bbox 2916 1195 3234 1251; x_wconf 86' lang='lat' dir='ltr'><strong>occiderent</strong></span> <span class='ocrx_word' id='word_1_184' title='bbox 3263 1238 3278 1263; x_wconf 94' lang='lat'><strong>,</strong></span> <span class='ocrx_word' id='word_1_185' title='bbox 3323 1199 3544 1256; x_wconf 89' lang='lat' dir='ltr'><strong>latroci-</strong></span> 
     </span>
    </p>
   </div>
   <div class='ocr_carea' id='block_1_27' title="bbox 1936 1283 3545 1353">
    <p class='ocr_par' dir='ltr' id='par_1_27' title="bbox 1936 1283 3545 1353">
     <span class='ocr_line' id='line_1_27' title="bbox 1936 1283 3545 1353; baseline 0.009 -20"><span class='ocrx_word' id='word_1_186' title='bbox 1936 1283 2047 1334; x_wconf 67' lang='lat' dir='ltr'><strong>niti</strong></span> <span class='ocrx_word' id='word_1_187' title='bbox 2076 1292 2223 1336; x_wconf 87' lang='lat' dir='ltr'><strong>sunt.</strong></span> <span class='ocrx_word' id='word_1_188' title='bbox 2257 1284 2365 1338; x_wconf 86' lang='lat' dir='ltr'><strong>Sed</strong></span> <span class='ocrx_word' id='word_1_189' title='bbox 2394 1283 2721 1353; x_wconf 83' lang='lat' dir='ltr'><strong>pollicemini</strong></span> <span class='ocrx_word' id='word_1_190' title='bbox 2755 1287 2887 1341; x_wconf 84' lang='lat' dir='ltr'><strong>inihi</strong></span> <span class='ocrx_word' id='word_1_191' title='bbox 2916 1303 3113 1343; x_wconf 85' lang='lat' dir='ltr'><strong>manus</strong></span> <span class='ocrx_word' id='word_1_192' title='bbox 3152 1297 3349 1345; x_wconf 70' lang='lat' dir='ltr'><strong>vestrae</strong></span> <span class='ocrx_word' id='word_1_193' title='bbox 3380 1291 3545 1346; x_wconf 83' lang='lat' dir='ltr'><strong>iniui-</strong></span> 
     </span>
    </p>
   </div>
   <div class='ocr_carea' id='block_1_28' title="bbox 1936 1377 3550 1449">
    <p class='ocr_par' dir='ltr' id='par_1_28' title="bbox 1936 1377 3550 1449">
     <span class='ocr_line' id='line_1_28' title="bbox 1936 1377 3550 1449; baseline 0.007 -20"><span class='ocrx_word' id='word_1_194' title='bbox 1936 1377 2164 1430; x_wconf 83' lang='lat' dir='ltr'><strong>sterium</strong></span> <span class='ocrx_word' id='word_1_195' title='bbox 2200 1396 2213 1432; x_wconf 89' lang='lat'><strong>:</strong></span> <span class='ocrx_word' id='word_1_196' title='bbox 2261 1394 2320 1433; x_wconf 89' lang='lat' dir='ltr'><strong>re</strong></span> <span class='ocrx_word' id='word_1_197' title='bbox 2352 1394 2475 1433; x_wconf 88' lang='lat' dir='ltr'><strong>vera</strong></span> <span class='ocrx_word' id='word_1_198' title='bbox 2507 1395 2799 1449; x_wconf 79' lang='lat' dir='ltr'><strong>percussor</strong></span> <span class='ocrx_word' id='word_1_199' title='bbox 2831 1383 2987 1437; x_wconf 89' lang='lat' dir='ltr'><strong>nobis</strong></span> <span class='ocrx_word' id='word_1_200' title='bbox 3022 1383 3227 1448; x_wconf 86' lang='lat' dir='ltr'><strong>deluit,</strong></span> <span class='ocrx_word' id='word_1_201' title='bbox 3269 1395 3327 1439; x_wconf 92' lang='lat' dir='ltr'><strong>ut</strong></span> <span class='ocrx_word' id='word_1_202' title='bbox 3354 1393 3550 1441; x_wconf 83' lang='lat' dir='ltr'><strong>nostro</strong></span> 
     </span>
    </p>
   </div>
   <div class='ocr_carea' id='block_1_29' title="bbox 1938 1470 3549 1550">
    <p class='ocr_par' dir='ltr' id='par_1_29' title="bbox 1938 1470 3549 1550">
     <span class='ocr_line' id='line_1_29' title="bbox 1938 1470 3549 1550; baseline 0.006 -26"><span class='ocrx_word' id='word_1_203' title='bbox 1938 1470 2150 1525; x_wconf 81' lang='lat' dir='ltr'><strong>scelere</strong></span> <span class='ocrx_word' id='word_1_204' title='bbox 2176 1486 2482 1539; x_wconf 85' lang='lat' dir='ltr'><strong>pereamus.</strong></span> <span class='ocrx_word' id='word_1_205' title='bbox 2501 1472 2638 1527; x_wconf 85' lang='lat' dir='ltr'><strong>Noto</strong></span> <span class='ocrx_word' id='word_1_206' title='bbox 2656 1489 2797 1540; x_wconf 88' lang='lat' dir='ltr'><strong>meo,</strong></span> <span class='ocrx_word' id='word_1_207' title='bbox 2823 1477 2951 1533; x_wconf 85' lang='lat' dir='ltr'><strong>nolo</strong></span> <span class='ocrx_word' id='word_1_208' title='bbox 2974 1487 3158 1531; x_wconf 86' lang='lat' dir='ltr'><strong>vestro</strong></span> <span class='ocrx_word' id='word_1_209' title='bbox 3185 1478 3395 1533; x_wconf 78' lang='lat' dir='ltr'><strong>scelere</strong></span> <span class='ocrx_word' id='word_1_210' title='bbox 3422 1494 3549 1550; x_wconf 88' lang='lat' dir='ltr'><strong>per-</strong></span> 
     </span>
    </p>
   </div>
   <div class='ocr_carea' id='block_1_30' title="bbox 1941 1564 3554 1637">
    <p class='ocr_par' dir='ltr' id='par_1_30' title="bbox 1941 1564 3554 1637">
     <span class='ocr_line' id='line_1_30' title="bbox 1941 1564 3554 1637; baseline 0.006 -19"><span class='ocrx_word' id='word_1_211' title='bbox 1941 1564 2018 1619; x_wconf 88' lang='lat' dir='ltr'><strong>ire</strong></span> <span class='ocrx_word' id='word_1_212' title='bbox 2040 1604 2055 1629; x_wconf 89' lang='lat'><strong>,</strong></span> <span class='ocrx_word' id='word_1_213' title='bbox 2101 1565 2245 1634; x_wconf 83' lang='lat' dir='ltr'><strong>quod</strong></span> <span class='ocrx_word' id='word_1_214' title='bbox 2274 1566 2399 1636; x_wconf 88' lang='lat' dir='ltr'><strong>plus</strong></span> <span class='ocrx_word' id='word_1_215' title='bbox 2426 1578 2509 1621; x_wconf 90' lang='lat' dir='ltr'><strong>est</strong></span> <span class='ocrx_word' id='word_1_216' title='bbox 2541 1583 2700 1637; x_wconf 84' lang='lat' dir='ltr'><strong>quam</strong></span> <span class='ocrx_word' id='word_1_217' title='bbox 2732 1584 2856 1623; x_wconf 89' lang='lat' dir='ltr'><strong>meo</strong></span> <span class='ocrx_word' id='word_1_218' title='bbox 2880 1611 2893 1635; x_wconf 93' lang='lat'><strong>,</strong></span> <span class='ocrx_word' id='word_1_219' title='bbox 2937 1570 3063 1623; x_wconf 83' lang='lat' dir='ltr'><strong>nolo</strong></span> <span class='ocrx_word' id='word_1_220' title='bbox 3090 1581 3294 1627; x_wconf 89' lang='lat' dir='ltr'><strong>mutuo.</strong></span> <span class='ocrx_word' id='word_1_221' title='bbox 3322 1572 3435 1628; x_wconf 85' lang='lat' dir='ltr'><strong>Hoc</strong></span> <span class='ocrx_word' id='word_1_222' title='bbox 3465 1581 3554 1628; x_wconf 86' lang='lat' dir='ltr'><strong>est</strong></span> 
     </span>
    </p>
   </div>
   <div class='ocr_carea' id='block_1_31' title="bbox 1938 1657 3542 1730">
    <p class='ocr_par' dir='ltr' id='par_1_31' title="bbox 1938 1657 3542 1730">
     <span class='ocr_line' id='line_1_31' title="bbox 1938 1657 3542 1730; baseline 0.006 -20"><span class='ocrx_word' id='word_1_223' title='bbox 1938 1657 2086 1711; x_wconf 86' lang='lat' dir='ltr'><strong>enim</strong></span> <span class='ocrx_word' id='word_1_224' title='bbox 2110 1672 2550 1727; x_wconf 71' lang='lat' dir='ltr'><strong>unumquemque</strong></span> <span class='ocrx_word' id='word_1_225' title='bbox 2575 1668 2818 1715; x_wconf 83' lang='lat' dir='ltr'><strong>nostrum</strong></span> <span class='ocrx_word' id='word_1_226' title='bbox 2851 1663 2954 1718; x_wconf 83' lang='lat' dir='ltr'><strong>sibi</strong></span> <span class='ocrx_word' id='word_1_227' title='bbox 2983 1678 3175 1719; x_wconf 85' lang='lat' dir='ltr'><strong>manus</strong></span> <span class='ocrx_word' id='word_1_228' title='bbox 3216 1663 3436 1730; x_wconf 68' lang='lat' dir='ltr'><strong>inferre,</strong></span> <span class='ocrx_word' id='word_1_229' title='bbox 3473 1667 3542 1720; x_wconf 87' lang='lat' dir='ltr'><strong>vi-</strong></span> 
     </span>
    </p>
   </div>
   <div class='ocr_carea' id='block_1_32' title="bbox 1940 1749 3551 1824">
    <p class='ocr_par' dir='ltr' id='par_1_32' title="bbox 1940 1749 3551 1824">
     <span class='ocr_line' id='line_1_32' title="bbox 1940 1749 3551 1824; baseline 0.007 -22"><span class='ocrx_word' id='word_1_230' title='bbox 1940 1750 2099 1803; x_wconf 69' lang='lat' dir='ltr'><strong>cariae</strong></span> <span class='ocrx_word' id='word_1_231' title='bbox 2137 1749 2289 1804; x_wconf 88' lang='lat' dir='ltr'><strong>necis</strong></span> <span class='ocrx_word' id='word_1_232' title='bbox 2341 1752 2649 1805; x_wconf 88' lang='lat' dir='ltr'><strong>mercedem</strong></span> <span class='ocrx_word' id='word_1_233' title='bbox 2679 1753 2903 1808; x_wconf 88' lang='lat' dir='ltr'><strong>solvere</strong></span> <span class='ocrx_word' id='word_1_234' title='bbox 2940 1771 2953 1807; x_wconf 89' lang='lat'><strong>:</strong></span> <span class='ocrx_word' id='word_1_235' title='bbox 2986 1766 3040 1808; x_wconf 92' lang='lat' dir='ltr'><strong>ut</strong></span> <span class='ocrx_word' id='word_1_236' title='bbox 3065 1757 3175 1824; x_wconf 84' lang='lat' dir='ltr'><strong>jam</strong></span> <span class='ocrx_word' id='word_1_237' title='bbox 3217 1772 3324 1811; x_wconf 88' lang='lat' dir='ltr'><strong>non</strong></span> <span class='ocrx_word' id='word_1_238' title='bbox 3371 1758 3551 1813; x_wconf 86' lang='lat' dir='ltr'><strong>solum</strong></span> 
     </span>
    </p>
   </div>
   <div class='ocr_carea' id='block_1_33' title="bbox 216 1843 3551 1921">
    <p class='ocr_par' dir='ltr' id='par_1_33' title="bbox 216 1843 3551 1921">
     <span class='ocr_line' id='line_1_33' title="bbox 216 1843 3551 1921; baseline -0.001 -12"><span class='ocrx_word' id='word_1_239' title='bbox 216 1852 333 1909; x_wconf 87' lang='lat' dir='ltr'><strong>suis</strong></span> <span class='ocrx_word' id='word_1_240' title='bbox 364 1862 638 1921; x_wconf 65' lang='lat' dir='ltr'><strong>prmccpto</strong></span> <span class='ocrx_word' id='word_1_241' title='bbox 661 1850 818 1904; x_wconf 89' lang='lat' dir='ltr'><strong>herili</strong></span> <span class='ocrx_word' id='word_1_242' title='bbox 851 1849 1091 1913; x_wconf 85' lang='lat' dir='ltr'><strong>vincula,</strong></span> <span class='ocrx_word' id='word_1_243' title='bbox 1126 1848 1244 1903; x_wconf 87' lang='lat' dir='ltr'><strong>sine</strong></span> <span class='ocrx_word' id='word_1_244' title='bbox 1264 1847 1488 1901; x_wconf 86' lang='lat' dir='ltr'><strong>arbitrio</strong></span> <span class='ocrx_word' id='word_1_245' title='bbox 1516 1846 1722 1901; x_wconf 79' lang='lat' dir='ltr'><strong>(lumini</strong></span> <span class='ocrx_word' id='word_1_246' title='bbox 1752 1845 1833 1899; x_wconf 91' lang='lat' dir='ltr'><strong>sui</strong></span> <span class='ocrx_word' id='word_1_247' title='bbox 1866 1850 1914 1910; x_wconf 77' lang='grc' dir='ltr'>Β</span> <span class='ocrx_word' id='word_1_248' title='bbox 1944 1856 2039 1908; x_wconf 85' lang='lat' dir='ltr'><strong>pro</strong></span> <span class='ocrx_word' id='word_1_249' title='bbox 2067 1856 2166 1894; x_wconf 80' lang='lat' dir='ltr'><strong>sun</strong></span> <span class='ocrx_word' id='word_1_250' title='bbox 2216 1845 2473 1913; x_wconf 72' lang='lat' dir='ltr'><strong>(tuisque.</strong></span> <span class='ocrx_word' id='word_1_251' title='bbox 2510 1843 2607 1898; x_wconf 83' lang='lat' dir='ltr'><strong>sed</strong></span> <span class='ocrx_word' id='word_1_252' title='bbox 2652 1844 2818 1899; x_wconf 75' lang='lat' dir='ltr'><strong>etiam</strong></span> <span class='ocrx_word' id='word_1_253' title='bbox 2859 1861 2961 1915; x_wconf 87' lang='lat' dir='ltr'><strong>pro</strong></span> <span class='ocrx_word' id='word_1_254' title='bbox 3012 1849 3237 1903; x_wconf 80' lang='lat' dir='ltr'><strong>alterius</strong></span> <span class='ocrx_word' id='word_1_255' title='bbox 3285 1852 3551 1919; x_wconf 82' lang='lat' dir='ltr'><strong>sanguine</strong></span> 
     </span>
    </p>
   </div>
   <div class='ocr_carea' id='block_1_34' title="bbox 218 1939 1836 2013">
    <p class='ocr_par' dir='ltr' id='par_1_34' title="bbox 218 1939 1836 2013">
     <span class='ocr_line' id='line_1_34' title="bbox 218 1939 1836 2013; baseline -0.007 -13"><span class='ocrx_word' id='word_1_256' title='bbox 218 1947 493 2011; x_wconf 85' lang='lat' dir='ltr'><strong>detrahat,</strong></span> <span class='ocrx_word' id='word_1_257' title='bbox 520 1958 705 1998; x_wconf 86' lang='lat' dir='ltr'><strong>nonne</strong></span> <span class='ocrx_word' id='word_1_258' title='bbox 727 1944 771 1996; x_wconf 90' lang='lat' dir='ltr'><strong>is</strong></span> <span class='ocrx_word' id='word_1_259' title='bbox 796 1944 944 2013; x_wconf 83' lang='lat' dir='ltr'><strong>gravi</strong></span> <span class='ocrx_word' id='word_1_260' title='bbox 973 1943 1218 2012; x_wconf 83' lang='lat' dir='ltr'><strong>pulsasse</strong></span> <span class='ocrx_word' id='word_1_261' title='bbox 1243 1942 1438 2009; x_wconf 81' lang='lat' dir='ltr'><strong>injuria</strong></span> <span class='ocrx_word' id='word_1_262' title='bbox 1483 1956 1638 1995; x_wconf 89' lang='lat' dir='ltr'><strong>suum</strong></span> <span class='ocrx_word' id='word_1_263' title='bbox 1663 1939 1836 1993; x_wconf 76' lang='lat' dir='ltr'><strong>domi.</strong></span> 
     </span>
    </p>
   </div>
   <div class='ocr_carea' id='block_1_35' title="bbox 221 2030 1839 2105">
    <p class='ocr_par' dir='ltr' id='par_1_35' title="bbox 221 2030 1839 2105">
     <span class='ocr_line' id='line_1_35' title="bbox 221 2030 1839 2105; baseline -0.006 -13"><span class='ocrx_word' id='word_1_264' title='bbox 221 2054 349 2093; x_wconf 88' lang='lat' dir='ltr'><strong>num</strong></span> <span class='ocrx_word' id='word_1_265' title='bbox 368 2035 861 2091; x_wconf 85' lang='lat' dir='ltr'><strong>condemnabitur?</strong></span> <span class='ocrx_word' id='word_1_266' title='bbox 887 2035 978 2089; x_wconf 87' lang='lat' dir='ltr'><strong>Dei</strong></span> <span class='ocrx_word' id='word_1_267' title='bbox 1003 2035 1278 2105; x_wconf 81' lang='lat' dir='ltr'><strong>possessio</strong></span> <span class='ocrx_word' id='word_1_268' title='bbox 1301 2048 1510 2096; x_wconf 51' lang='lat' dir='ltr'><strong>su‘uus,</strong></span> <span class='ocrx_word' id='word_1_269' title='bbox 1536 2032 1649 2086; x_wconf 81' lang='lat' dir='ltr'><strong>Dco</strong></span> <span class='ocrx_word' id='word_1_270' title='bbox 1671 2030 1839 2085; x_wconf 61' lang='lat' dir='ltr'><strong>servi-</strong></span> 
     </span>
    </p>
   </div>
   <div class='ocr_carea' id='block_1_36' title="bbox 223 2123 1837 2199">
    <p class='ocr_par' dir='ltr' id='par_1_36' title="bbox 223 2123 1837 2199">
     <span class='ocr_line' id='line_1_36' title="bbox 223 2123 1837 2199; baseline -0.004 -14"><span class='ocrx_word' id='word_1_271' title='bbox 223 2131 354 2185; x_wconf 89' lang='lat' dir='ltr'><strong>tium</strong></span> <span class='ocrx_word' id='word_1_272' title='bbox 376 2130 670 2195; x_wconf 84' lang='lat' dir='ltr'><strong>debemus;</strong></span> <span class='ocrx_word' id='word_1_273' title='bbox 694 2129 848 2199; x_wconf 88' lang='lat' dir='ltr'><strong>quasi</strong></span> <span class='ocrx_word' id='word_1_274' title='bbox 862 2129 1002 2182; x_wconf 88' lang='lat' dir='ltr'><strong>servi</strong></span> <span class='ocrx_word' id='word_1_275' title='bbox 1023 2137 1402 2198; x_wconf 82' lang='lat' dir='ltr'><strong>exspectemus</strong></span> <span class='ocrx_word' id='word_1_276' title='bbox 1421 2127 1667 2195; x_wconf 88' lang='lat' dir='ltr'><strong>imperia,</strong></span> <span class='ocrx_word' id='word_1_277' title='bbox 1684 2123 1837 2194; x_wconf 89' lang='lat' dir='ltr'><strong>quasi</strong></span> 
     </span>
    </p>
   </div>
   <div class='ocr_carea' id='block_1_37' title="bbox 222 2219 1840 2292">
    <p class='ocr_par' dir='ltr' id='par_1_37' title="bbox 222 2219 1840 2292">
     <span class='ocr_line' id='line_1_37' title="bbox 222 2219 1840 2292; baseline -0.003 -13"><span class='ocrx_word' id='word_1_278' title='bbox 222 2225 392 2279; x_wconf 89' lang='lat' dir='ltr'><strong>vincti</strong></span> <span class='ocrx_word' id='word_1_279' title='bbox 417 2238 759 2280; x_wconf 88' lang='lat' dir='ltr'><strong>reservemus</strong></span> <span class='ocrx_word' id='word_1_280' title='bbox 777 2223 990 2276; x_wconf 85' lang='lat' dir='ltr'><strong>vincula</strong></span> <span class='ocrx_word' id='word_1_281' title='bbox 1008 2262 1022 2283; x_wconf 94' lang='lat'><strong>,</strong></span> <span class='ocrx_word' id='word_1_282' title='bbox 1048 2222 1203 2292; x_wconf 83' lang='lat' dir='ltr'><strong>quasi</strong></span> <span class='ocrx_word' id='word_1_283' title='bbox 1222 2221 1410 2276; x_wconf 69' lang='lat' dir='ltr'><strong>ﬁdeles</strong></span> <span class='ocrx_word' id='word_1_284' title='bbox 1446 2221 1646 2274; x_wconf 87' lang='lat' dir='ltr'><strong>bonum</strong></span> <span class='ocrx_word' id='word_1_285' title='bbox 1672 2219 1840 2284; x_wconf 61' lang='lat' dir='ltr'><strong>depu-</strong></span> 
     </span>
    </p>
   </div>
   <div class='ocr_carea' id='block_1_38' title="bbox 225 2314 1837 2375">
    <p class='ocr_par' dir='ltr' id='par_1_38' title="bbox 225 2314 1837 2375">
     <span class='ocr_line' id='line_1_38' title="bbox 225 2314 1837 2375; baseline -0.004 0"><span class='ocrx_word' id='word_1_286' title='bbox 225 2322 332 2375; x_wconf 90' lang='lat' dir='ltr'><strong>situ</strong></span> <span class='ocrx_word' id='word_1_287' title='bbox 345 2337 393 2373; x_wconf 88' lang='grc' dir='ltr'><strong>ιιι</strong></span> <span class='ocrx_word' id='word_1_288' title='bbox 421 2318 813 2373; x_wconf 87' lang='lat' dir='ltr'><strong>custodiamus.</strong></span> <span class='ocrx_word' id='word_1_289' title='bbox 838 2316 953 2371; x_wconf 85' lang='lat' dir='ltr'><strong>Non</strong></span> <span class='ocrx_word' id='word_1_290' title='bbox 983 2331 1294 2371; x_wconf 78' lang='lat' dir='ltr'><strong>recusemus</strong></span> <span class='ocrx_word' id='word_1_291' title='bbox 1318 2315 1447 2370; x_wconf 82' lang='lat' dir='ltr'><strong>vitae</strong></span> <span class='ocrx_word' id='word_1_292' title='bbox 1468 2314 1623 2368; x_wconf 84' lang='lat' dir='ltr'><strong>istius</strong></span> <span class='ocrx_word' id='word_1_293' title='bbox 1643 2329 1837 2368; x_wconf 87' lang='lat' dir='ltr'><strong>munus</strong></span> 
     </span>
    </p>
   </div>
   <div class='ocr_carea' id='block_1_39' title="bbox 226 2404 1843 2483">
    <p class='ocr_par' dir='ltr' id='par_1_39' title="bbox 226 2404 1843 2483">
     <span class='ocr_line' id='line_1_39' title="bbox 226 2404 1843 2483; baseline -0.002 -20"><span class='ocrx_word' id='word_1_294' title='bbox 226 2411 367 2483; x_wconf 87' lang='lat' dir='ltr'><strong>quod</strong></span> <span class='ocrx_word' id='word_1_295' title='bbox 391 2411 533 2466; x_wconf 86' lang='lat' dir='ltr'><strong>dedit</strong></span> <span class='ocrx_word' id='word_1_296' title='bbox 571 2411 755 2475; x_wconf 88' lang='lat' dir='ltr'><strong>nobis,</strong></span> <span class='ocrx_word' id='word_1_297' title='bbox 787 2425 895 2463; x_wconf 91' lang='lat' dir='ltr'><strong>non</strong></span> <span class='ocrx_word' id='word_1_298' title='bbox 928 2408 1258 2480; x_wconf 76' lang='lat' dir='ltr'><strong>refugiamus</strong></span> <span class='ocrx_word' id='word_1_299' title='bbox 1281 2408 1483 2463; x_wconf 90' lang='lat' dir='ltr'><strong>donum</strong></span> <span class='ocrx_word' id='word_1_300' title='bbox 1509 2407 1755 2462; x_wconf 60' lang='lat' dir='ltr'><strong>caeleste.</strong></span> <span class='ocrx_word' id='word_1_301' title='bbox 1782 2404 1843 2460; x_wconf 87' lang='lat' dir='ltr'><strong>Si</strong></span> 
     </span>
    </p>
   </div>
   <div class='ocr_carea' id='block_1_40' title="bbox 231 2497 1844 2572">
    <p class='ocr_par' dir='ltr' id='par_1_40' title="bbox 231 2497 1844 2572">
     <span class='ocr_line' id='line_1_40' title="bbox 231 2497 1844 2572; baseline -0.005 -13"><span class='ocrx_word' id='word_1_302' title='bbox 231 2503 470 2559; x_wconf 86' lang='lat' dir='ltr'><strong>hominis</strong></span> <span class='ocrx_word' id='word_1_303' title='bbox 482 2503 604 2558; x_wconf 86' lang='lat' dir='ltr'><strong>data</strong></span> <span class='ocrx_word' id='word_1_304' title='bbox 625 2502 866 2572; x_wconf 86' lang='lat' dir='ltr'><strong>rejicias,</strong></span> <span class='ocrx_word' id='word_1_305' title='bbox 887 2502 1315 2556; x_wconf 72' lang='lat' dir='ltr'><strong>contumeliosus</strong></span> <span class='ocrx_word' id='word_1_306' title='bbox 1333 2514 1421 2554; x_wconf 86' lang='lat' dir='ltr'><strong>es:</strong></span> <span class='ocrx_word' id='word_1_307' title='bbox 1446 2506 1651 2568; x_wconf 88' lang='lat' dir='ltr'><strong>quanto</strong></span> <span class='ocrx_word' id='word_1_308' title='bbox 1674 2497 1844 2563; x_wconf 70' lang='lat' dir='ltr'><strong>magis</strong></span> 
     </span>
    </p>
   </div>
   <div class='ocr_carea' id='block_1_41' title="bbox 230 2589 1845 2663">
    <p class='ocr_par' dir='ltr' id='par_1_41' title="bbox 230 2589 1845 2663">
     <span class='ocr_line' id='line_1_41' title="bbox 230 2589 1845 2663; baseline -0.005 -12"><span class='ocrx_word' id='word_1_309' title='bbox 230 2611 451 2651; x_wconf 81' lang='lat' dir='ltr'><strong>servare</strong></span> <span class='ocrx_word' id='word_1_310' title='bbox 475 2596 762 2657; x_wconf 81' lang='lat' dir='ltr'><strong>debemus,</strong></span> <span class='ocrx_word' id='word_1_311' title='bbox 793 2594 941 2663; x_wconf 85' lang='lat' dir='ltr'><strong>quod</strong></span> <span class='ocrx_word' id='word_1_312' title='bbox 970 2609 999 2648; x_wconf 82' lang='lat' dir='ltr'><strong>a</strong></span> <span class='ocrx_word' id='word_1_313' title='bbox 1021 2593 1135 2648; x_wconf 90' lang='lat' dir='ltr'><strong>Deo</strong></span> <span class='ocrx_word' id='word_1_314' title='bbox 1162 2604 1356 2647; x_wconf 88' lang='lat' dir='ltr'><strong>nostro</strong></span> <span class='ocrx_word' id='word_1_315' title='bbox 1393 2590 1737 2660; x_wconf 83' lang='lat' dir='ltr'><strong>accepimus?</strong></span> <span class='ocrx_word' id='word_1_316' title='bbox 1761 2589 1845 2643; x_wconf 86' lang='lat' dir='ltr'><strong>Ab</strong></span> 
     </span>
    </p>
   </div>
   <div class='ocr_carea' id='block_1_42' title="bbox 234 2684 1846 2762">
    <p class='ocr_par' dir='ltr' id='par_1_42' title="bbox 234 2684 1846 2762">
     <span class='ocr_line' id='line_1_42' title="bbox 234 2684 1846 2762; baseline -0.006 -16"><span class='ocrx_word' id='word_1_317' title='bbox 234 2692 351 2762; x_wconf 85' lang='lat' dir='ltr'><strong>ipso</strong></span> <span class='ocrx_word' id='word_1_318' title='bbox 378 2690 560 2761; x_wconf 79' lang='lat' dir='ltr'><strong>itaque</strong></span> <span class='ocrx_word' id='word_1_319' title='bbox 600 2688 908 2758; x_wconf 82' lang='lat' dir='ltr'><strong>accepimus</strong></span> <span class='ocrx_word' id='word_1_320' title='bbox 933 2731 947 2753; x_wconf 92' lang='lat'><strong>,</strong></span> <span class='ocrx_word' id='word_1_321' title='bbox 978 2686 1119 2757; x_wconf 87' lang='lat' dir='ltr'><strong>quod</strong></span> <span class='ocrx_word' id='word_1_322' title='bbox 1152 2701 1340 2740; x_wconf 88' lang='lat' dir='ltr'><strong>sumus</strong></span> <span class='ocrx_word' id='word_1_323' title='bbox 1371 2702 1383 2739; x_wconf 92' lang='lat'>:</span> <span class='ocrx_word' id='word_1_324' title='bbox 1418 2684 1593 2753; x_wconf 85' lang='lat' dir='ltr'><strong>ipsius</strong></span> <span class='ocrx_word' id='word_1_325' title='bbox 1623 2697 1846 2752; x_wconf 85' lang='lat' dir='ltr'><strong>quoque</strong></span> 
     </span>
    </p>
   </div>
   <div class='ocr_carea' id='block_1_43' title="bbox 233 2764 1845 2851">
    <p class='ocr_par' dir='ltr' id='par_1_43' title="bbox 233 2764 1845 2851">
     <span class='ocr_line' id='line_1_43' title="bbox 233 2764 1845 2851; baseline -0.009 -11"><span class='ocrx_word' id='word_1_326' title='bbox 233 2784 392 2840; x_wconf 85' lang='lat' dir='ltr'><strong>debet</strong></span> <span class='ocrx_word' id='word_1_327' title='bbox 417 2798 557 2846; x_wconf 84' lang='lat' dir='ltr'><strong>esse,</strong></span> <span class='ocrx_word' id='word_1_328' title='bbox 592 2791 651 2836; x_wconf 89' lang='lat' dir='ltr'><strong>ut</strong></span> <span class='ocrx_word' id='word_1_329' title='bbox 678 2764 937 2851; x_wconf 74' lang='lat' dir='ltr'><strong>quamdiu</strong></span> <span class='ocrx_word' id='word_1_330' title='bbox 970 2778 1126 2844; x_wconf 83' lang='lat' dir='ltr'><strong>velit,</strong></span> <span class='ocrx_word' id='word_1_331' title='bbox 1155 2780 1347 2832; x_wconf 86' lang='lat' dir='ltr'><strong>simus.</strong></span> <span class='ocrx_word' id='word_1_332' title='bbox 1366 2776 1669 2845; x_wconf 86' lang='lat' dir='ltr'><strong>Utrumque</strong></span> <span class='ocrx_word' id='word_1_333' title='bbox 1695 2773 1845 2828; x_wconf 89' lang='lat' dir='ltr'><strong>enim</strong></span> 
     </span>
    </p>
   </div>
   <div class='ocr_carea' id='block_1_44' title="bbox 235 2866 1848 2948">
    <p class='ocr_par' dir='ltr' id='par_1_44' title="bbox 235 2866 1848 2948">
     <span class='ocr_line' id='line_1_44' title="bbox 235 2866 1848 2948; baseline -0.009 -14"><span class='ocrx_word' id='word_1_334' title='bbox 235 2879 428 2948; x_wconf 78' lang='lat' dir='ltr'><strong>ingrati</strong></span> <span class='ocrx_word' id='word_1_335' title='bbox 460 2889 564 2941; x_wconf 85' lang='lat' dir='ltr'><strong>est,</strong></span> <span class='ocrx_word' id='word_1_336' title='bbox 600 2888 653 2931; x_wconf 86' lang='lat' dir='ltr'><strong>et</strong></span> <span class='ocrx_word' id='word_1_337' title='bbox 682 2875 850 2931; x_wconf 90' lang='lat' dir='ltr'><strong>citius</strong></span> <span class='ocrx_word' id='word_1_338' title='bbox 877 2873 1159 2929; x_wconf 88' lang='lat' dir='ltr'><strong>discedere</strong></span> <span class='ocrx_word' id='word_1_339' title='bbox 1181 2887 1342 2943; x_wconf 87' lang='lat' dir='ltr'><strong>quam</strong></span> <span class='ocrx_word' id='word_1_340' title='bbox 1375 2870 1522 2933; x_wconf 86' lang='lat' dir='ltr'><strong>velit,</strong></span> <span class='ocrx_word' id='word_1_341' title='bbox 1555 2880 1607 2923; x_wconf 91' lang='lat' dir='ltr'><strong>et</strong></span> <span class='ocrx_word' id='word_1_342' title='bbox 1642 2866 1848 2923; x_wconf 88' lang='lat' dir='ltr'><strong>diutius</strong></span> 
     </span>
    </p>
   </div>
   <div class='ocr_carea' id='block_1_45' title="bbox 237 2959 1850 3039">
    <p class='ocr_par' dir='ltr' id='par_1_45' title="bbox 237 2959 1850 3039">
     <span class='ocr_line' id='line_1_45' title="bbox 237 2959 1850 3039; baseline -0.007 -16"><span class='ocrx_word' id='word_1_343' title='bbox 237 2971 425 3026; x_wconf 85' lang='lat' dir='ltr'><strong>vivere</strong></span> <span class='ocrx_word' id='word_1_344' title='bbox 457 2985 619 3039; x_wconf 84' lang='lat' dir='ltr'><strong>quam</strong></span> <span class='ocrx_word' id='word_1_345' title='bbox 653 2967 884 3021; x_wconf 85' lang='lat' dir='ltr'><strong>voluerit</strong></span> <span class='ocrx_word' id='word_1_346' title='bbox 928 2967 1048 3036; x_wconf 90' lang='lat' dir='ltr'><strong>ipse</strong></span> <span class='ocrx_word' id='word_1_347' title='bbox 1088 2965 1177 3034; x_wconf 89' lang='lat' dir='ltr'><strong>qui</strong></span> <span class='ocrx_word' id='word_1_348' title='bbox 1210 2964 1375 3017; x_wconf 78' lang='lat' dir='ltr'><strong>vitam</strong></span> <span class='ocrx_word' id='word_1_349' title='bbox 1417 2960 1659 3016; x_wconf 88' lang='lat' dir='ltr'><strong>donavit.</strong></span> <span class='ocrx_word' id='word_1_350' title='bbox 1685 2959 1850 3013; x_wconf 83' lang='lat' dir='ltr'><strong>Num-</strong></span> 
     </span>
    </p>
   </div>
   <div class='ocr_carea' id='block_1_46' title="bbox 240 3052 1846 3135">
    <p class='ocr_par' dir='ltr' id='par_1_46' title="bbox 240 3052 1846 3135">
     <span class='ocr_line' id='line_1_46' title="bbox 240 3052 1846 3135; baseline -0.009 -16"><span class='ocrx_word' id='word_1_351' title='bbox 240 3065 369 3135; x_wconf 88' lang='lat' dir='ltr'><strong>quid</strong></span> <span class='ocrx_word' id='word_1_352' title='bbox 427 3072 554 3118; x_wconf 89' lang='lat' dir='ltr'><strong>ante</strong></span> <span class='ocrx_word' id='word_1_353' title='bbox 617 3060 895 3116; x_wconf 75' lang='lat' dir='ltr'><strong>festinavit</strong></span> <span class='ocrx_word' id='word_1_354' title='bbox 950 3058 1105 3115; x_wconf 83' lang='lat' dir='ltr'><strong>exire</strong></span> <span class='ocrx_word' id='word_1_355' title='bbox 1162 3056 1485 3113; x_wconf 84' lang='lat' dir='ltr'><strong>Abraham?</strong></span> <span class='ocrx_word' id='word_1_356' title='bbox 1541 3052 1846 3123; x_wconf 87' lang='lat' dir='ltr'><strong>numquid,</strong></span> 
     </span>
    </p>
   </div>
   <div class='ocr_carea' id='block_1_47' title="bbox 239 3146 1851 3216">
    <p class='ocr_par' dir='ltr' id='par_1_47' title="bbox 239 3146 1851 3216">
     <span class='ocr_line' id='line_1_47' title="bbox 239 3146 1851 3216; baseline -0.009 -3"><span class='ocrx_word' id='word_1_357' title='bbox 239 3169 367 3214; x_wconf 86' lang='lat' dir='ltr'><strong>ante</strong></span> <span class='ocrx_word' id='word_1_358' title='bbox 434 3156 676 3211; x_wconf 78' lang='lat' dir='ltr'><strong>ascendit</strong></span> <span class='ocrx_word' id='word_1_359' title='bbox 745 3154 962 3209; x_wconf 82' lang='lat' dir='ltr'><strong>Abarim</strong></span> <span class='ocrx_word' id='word_1_360' title='bbox 1041 3151 1251 3215; x_wconf 79' lang='lat' dir='ltr'><strong>Moses,</strong></span> <span class='ocrx_word' id='word_1_361' title='bbox 1328 3164 1488 3216; x_wconf 84' lang='lat' dir='ltr'><strong>quam</strong></span> <span class='ocrx_word' id='word_1_362' title='bbox 1575 3146 1851 3200; x_wconf 84' lang='lat' dir='ltr'><strong>diceretur</strong></span> 
     </span>
    </p>
   </div>
   <div class='ocr_carea' id='block_1_48' title="bbox 1939 1934 3548 2012">
    <p class='ocr_par' dir='ltr' id='par_1_48' title="bbox 1939 1934 3548 2012">
     <span class='ocr_line' id='line_1_48' title="bbox 1939 1934 3548 2012; baseline 0.006 -24"><span class='ocrx_word' id='word_1_363' title='bbox 1939 1935 2119 1989; x_wconf 84' lang='lat' dir='ltr'><strong>scelus</strong></span> <span class='ocrx_word' id='word_1_364' title='bbox 2144 1934 2359 1989; x_wconf 80' lang='lat' dir='ltr'><strong>debeat.</strong></span> <span class='ocrx_word' id='word_1_365' title='bbox 2379 1935 2579 1990; x_wconf 80' lang='lat' dir='ltr'><strong>Verum</strong></span> <span class='ocrx_word' id='word_1_366' title='bbox 2606 1937 2752 2008; x_wconf 86' lang='lat' dir='ltr'><strong>regis</strong></span> <span class='ocrx_word' id='word_1_367' title='bbox 2770 1938 2900 1994; x_wconf 82' lang='lat' dir='ltr'><strong>Sani</strong></span> <span class='ocrx_word' id='word_1_368' title='bbox 2924 1941 3232 2011; x_wconf 79' lang='lat' dir='ltr'><strong>exemplum</strong></span> <span class='ocrx_word' id='word_1_369' title='bbox 3258 1946 3548 2012; x_wconf 80' lang='lat' dir='ltr'><strong>promitur,</strong></span> 
     </span>
    </p>
   </div>
   <div class='ocr_carea' id='block_1_49' title="bbox 1940 2027 3553 2103">
    <p class='ocr_par' dir='ltr' id='par_1_49' title="bbox 1940 2027 3553 2103">
     <span class='ocr_line' id='line_1_49' title="bbox 1940 2027 3553 2103; baseline 0.006 -23"><span class='ocrx_word' id='word_1_370' title='bbox 1940 2027 2059 2096; x_wconf 83' lang='lat' dir='ltr'><strong>ejus</strong></span> <span class='ocrx_word' id='word_1_371' title='bbox 2077 2036 2225 2082; x_wconf 86' lang='lat' dir='ltr'><strong>certe</strong></span> <span class='ocrx_word' id='word_1_372' title='bbox 2253 2029 2345 2097; x_wconf 84' lang='lat' dir='ltr'><strong>qui</strong></span> <span class='ocrx_word' id='word_1_373' title='bbox 2375 2030 2638 2083; x_wconf 83' lang='lat' dir='ltr'><strong>adversus</strong></span> <span class='ocrx_word' id='word_1_374' title='bbox 2667 2030 3000 2088; x_wconf 84' lang='lat' dir='ltr'><strong>voluntatem</strong></span> <span class='ocrx_word' id='word_1_375' title='bbox 3041 2033 3279 2089; x_wconf 82' lang='lat' dir='ltr'><strong>divinam</strong></span> <span class='ocrx_word' id='word_1_376' title='bbox 3319 2050 3414 2090; x_wconf 81' lang='lat' dir='ltr'><strong>rex</strong></span> <span class='ocrx_word' id='word_1_377' title='bbox 3457 2051 3553 2103; x_wconf 89' lang='lat' dir='ltr'><strong>po-</strong></span> 
     </span>
    </p>
   </div>
   <div class='ocr_carea' id='block_1_50' title="bbox 1941 2122 3551 2186">
    <p class='ocr_par' dir='ltr' id='par_1_50' title="bbox 1941 2122 3551 2186">
     <span class='ocr_line' id='line_1_50' title="bbox 1941 2122 3551 2186; baseline 0.006 -12"><span class='ocrx_word' id='word_1_378' title='bbox 1941 2122 2177 2175; x_wconf 87' lang='lat' dir='ltr'><strong>stulatus</strong></span> <span class='ocrx_word' id='word_1_379' title='bbox 2207 2133 2325 2186; x_wconf 89' lang='lat' dir='ltr'><strong>est,</strong></span> <span class='ocrx_word' id='word_1_380' title='bbox 2356 2137 2413 2177; x_wconf 84' lang='lat' dir='ltr'><strong>et</strong></span> <span class='ocrx_word' id='word_1_381' title='bbox 2459 2124 2728 2180; x_wconf 78' lang='lat' dir='ltr'><strong>offensam</strong></span> <span class='ocrx_word' id='word_1_382' title='bbox 2778 2127 2979 2182; x_wconf 88' lang='lat' dir='ltr'><strong>meruit</strong></span> <span class='ocrx_word' id='word_1_383' title='bbox 3028 2127 3144 2181; x_wconf 88' lang='lat' dir='ltr'><strong>Dei.</strong></span> <span class='ocrx_word' id='word_1_384' title='bbox 3183 2128 3335 2183; x_wconf 83' lang='lat' dir='ltr'><strong>Unde</strong></span> <span class='ocrx_word' id='word_1_385' title='bbox 3386 2131 3551 2184; x_wconf 88' lang='lat' dir='ltr'><strong>etiam</strong></span> 
     </span>
    </p>
   </div>
   <div class='ocr_carea' id='block_1_51' title="bbox 1941 2216 3555 2292">
    <p class='ocr_par' dir='ltr' id='par_1_51' title="bbox 1941 2216 3555 2292">
     <span class='ocr_line' id='line_1_51' title="bbox 1941 2216 3555 2292; baseline 0.006 -25"><span class='ocrx_word' id='word_1_386' title='bbox 1941 2229 2063 2268; x_wconf 86' lang='lat' dir='ltr'><strong>cum</strong></span> <span class='ocrx_word' id='word_1_387' title='bbox 2097 2216 2326 2281; x_wconf 86' lang='lat' dir='ltr'><strong>viveret,</strong></span> <span class='ocrx_word' id='word_1_388' title='bbox 2360 2231 2737 2274; x_wconf 83' lang='lat' dir='ltr'><strong>successorem</strong></span> <span class='ocrx_word' id='word_1_389' title='bbox 2778 2221 3011 2289; x_wconf 87' lang='lat' dir='ltr'><strong>accepit.</strong></span> <span class='ocrx_word' id='word_1_390' title='bbox 3048 2220 3339 2292; x_wconf 87' lang='lat' dir='ltr'><strong>Egregium</strong></span> <span class='ocrx_word' id='word_1_391' title='bbox 3369 2239 3555 2279; x_wconf 73' lang='lat' dir='ltr'><strong>exeni-</strong></span> 
     </span>
    </p>
   </div>
   <div class='ocr_carea' id='block_1_52' title="bbox 1943 2308 3552 2383">
    <p class='ocr_par' dir='ltr' id='par_1_52' title="bbox 1943 2308 3552 2383">
     <span class='ocr_line' id='line_1_52' title="bbox 1943 2308 3552 2383; baseline 0.008 -24"><span class='ocrx_word' id='word_1_392' title='bbox 1943 2308 2089 2377; x_wconf 90' lang='lat' dir='ltr'><strong>plum</strong></span> <span class='ocrx_word' id='word_1_393' title='bbox 2117 2309 2251 2373; x_wconf 87' lang='lat' dir='ltr'><strong>viri,</strong></span> <span class='ocrx_word' id='word_1_394' title='bbox 2285 2310 2373 2364; x_wconf 90' lang='lat' dir='ltr'><strong>cui</strong></span> <span class='ocrx_word' id='word_1_395' title='bbox 2410 2310 2583 2365; x_wconf 84' lang='lat' dir='ltr'><strong>defuit</strong></span> <span class='ocrx_word' id='word_1_396' title='bbox 2635 2312 2729 2367; x_wconf 88' lang='lat' dir='ltr'><strong>Dei</strong></span> <span class='ocrx_word' id='word_1_397' title='bbox 2783 2315 2995 2383; x_wconf 81' lang='lat' dir='ltr'><strong>gratia,</strong></span> <span class='ocrx_word' id='word_1_398' title='bbox 3045 2325 3099 2369; x_wconf 89' lang='lat' dir='ltr'><strong>et</strong></span> <span class='ocrx_word' id='word_1_399' title='bbox 3142 2324 3324 2372; x_wconf 87' lang='lat' dir='ltr'><strong>tamen</strong></span> <span class='ocrx_word' id='word_1_400' title='bbox 3375 2318 3552 2372; x_wconf 88' lang='lat' dir='ltr'><strong>voluit</strong></span> 
     </span>
    </p>
   </div>
   <div class='ocr_carea' id='block_1_53' title="bbox 1945 2401 3551 2475">
    <p class='ocr_par' dir='ltr' id='par_1_53' title="bbox 1945 2401 3551 2475">
     <span class='ocr_line' id='line_1_53' title="bbox 1945 2401 3551 2475; baseline 0.008 -21"><span class='ocrx_word' id='word_1_401' title='bbox 1945 2403 2102 2466; x_wconf 86' lang='lat' dir='ltr'><strong>mori,</strong></span> <span class='ocrx_word' id='word_1_402' title='bbox 2133 2401 2257 2472; x_wconf 88' lang='lat' dir='ltr'><strong>quia</strong></span> <span class='ocrx_word' id='word_1_403' title='bbox 2294 2402 2406 2471; x_wconf 76' lang='lat' dir='ltr'><strong>jam</strong></span> <span class='ocrx_word' id='word_1_404' title='bbox 2435 2419 2543 2458; x_wconf 91' lang='lat' dir='ltr'><strong>non</strong></span> <span class='ocrx_word' id='word_1_405' title='bbox 2575 2414 2792 2475; x_wconf 80' lang='lat' dir='ltr'><strong>poterat</strong></span> <span class='ocrx_word' id='word_1_406' title='bbox 2821 2408 3020 2462; x_wconf 87' lang='lat' dir='ltr'><strong>vivere.</strong></span> <span class='ocrx_word' id='word_1_407' title='bbox 3055 2408 3237 2463; x_wconf 87' lang='lat' dir='ltr'><strong>Voluit</strong></span> <span class='ocrx_word' id='word_1_408' title='bbox 3278 2419 3458 2465; x_wconf 89' lang='lat' dir='ltr'><strong>tamen</strong></span> <span class='ocrx_word' id='word_1_409' title='bbox 3496 2421 3551 2467; x_wconf 89' lang='lat' dir='ltr'><strong>et</strong></span> 
     </span>
    </p>
   </div>
   <div class='ocr_carea' id='block_1_54' title="bbox 1946 2496 3554 2576">
    <p class='ocr_par' dir='ltr' id='par_1_54' title="bbox 1946 2496 3554 2576">
     <span class='ocr_line' id='line_1_54' title="bbox 1946 2496 3554 2576; baseline 0.01 -29"><span class='ocrx_word' id='word_1_410' title='bbox 1946 2496 2066 2564; x_wconf 79' lang='lat' dir='ltr'><strong>ipse</strong></span> <span class='ocrx_word' id='word_1_411' title='bbox 2093 2508 2150 2550; x_wconf 89' lang='lat' dir='ltr'><strong>ut</strong></span> <span class='ocrx_word' id='word_1_412' title='bbox 2180 2511 2306 2551; x_wconf 85' lang='lat' dir='ltr'><strong>eum</strong></span> <span class='ocrx_word' id='word_1_413' title='bbox 2339 2499 2522 2553; x_wconf 84' lang='lat' dir='ltr'><strong>socius</strong></span> <span class='ocrx_word' id='word_1_414' title='bbox 2548 2501 2823 2555; x_wconf 85' lang='lat' dir='ltr'><strong>occideret</strong></span> <span class='ocrx_word' id='word_1_415' title='bbox 2857 2517 2869 2553; x_wconf 89' lang='lat'><strong>:</strong></span> <span class='ocrx_word' id='word_1_416' title='bbox 2899 2503 2994 2555; x_wconf 81' lang='lat' dir='ltr'><strong>sed</strong></span> <span class='ocrx_word' id='word_1_417' title='bbox 3025 2513 3081 2557; x_wconf 89' lang='lat' dir='ltr'><strong>et</strong></span> <span class='ocrx_word' id='word_1_418' title='bbox 3115 2503 3210 2558; x_wconf 89' lang='lat' dir='ltr'><strong>ille</strong></span> <span class='ocrx_word' id='word_1_419' title='bbox 3246 2505 3424 2560; x_wconf 87' lang='lat' dir='ltr'><strong>scelus</strong></span> <span class='ocrx_word' id='word_1_420' title='bbox 3455 2522 3554 2576; x_wconf 80' lang='lat' dir='ltr'><strong>pu-</strong></span> 
     </span>
    </p>
   </div>
   <div class='ocr_carea' id='block_1_55' title="bbox 1949 2589 3553 2665">
    <p class='ocr_par' dir='ltr' id='par_1_55' title="bbox 1949 2589 3553 2665">
     <span class='ocr_line' id='line_1_55' title="bbox 1949 2589 3553 2665; baseline 0.008 -24"><span class='ocrx_word' id='word_1_421' title='bbox 1949 2589 2101 2654; x_wconf 84' lang='lat' dir='ltr'><strong>tavit,</strong></span> <span class='ocrx_word' id='word_1_422' title='bbox 2127 2590 2398 2643; x_wconf 82' lang='lat' dir='ltr'><strong>recusavit</strong></span> <span class='ocrx_word' id='word_1_423' title='bbox 2430 2592 2815 2645; x_wconf 84' lang='lat' dir='ltr'><strong>ministerium.</strong></span> <span class='ocrx_word' id='word_1_424' title='bbox 2848 2591 2964 2646; x_wconf 82' lang='lat' dir='ltr'><strong>Non</strong></span> <span class='ocrx_word' id='word_1_425' title='bbox 3006 2595 3169 2665; x_wconf 87' lang='lat' dir='ltr'><strong>igitur</strong></span> <span class='ocrx_word' id='word_1_426' title='bbox 3205 2612 3341 2650; x_wconf 83' lang='lat' dir='ltr'><strong>usus</strong></span> <span class='ocrx_word' id='word_1_427' title='bbox 3367 2601 3553 2654; x_wconf 84' lang='lat' dir='ltr'><strong>consi-</strong></span> 
     </span>
    </p>
   </div>
   <div class='ocr_carea' id='block_1_56' title="bbox 1949 2680 3555 2759">
    <p class='ocr_par' dir='ltr' id='par_1_56' title="bbox 1949 2680 3555 2759">
     <span class='ocr_line' id='line_1_56' title="bbox 1949 2680 3555 2759; baseline 0.009 -25"><span class='ocrx_word' id='word_1_428' title='bbox 1949 2680 2044 2747; x_wconf 87' lang='lat' dir='ltr'><strong>lio,</strong></span> <span class='ocrx_word' id='word_1_429' title='bbox 2088 2681 2185 2736; x_wconf 90' lang='lat' dir='ltr'><strong>sed</strong></span> <span class='ocrx_word' id='word_1_430' title='bbox 2209 2682 2502 2738; x_wconf 83' lang='lat' dir='ltr'><strong>destitutus</strong></span> <span class='ocrx_word' id='word_1_431' title='bbox 2535 2685 2840 2740; x_wconf 87' lang='lat' dir='ltr'><strong>ministerio</strong></span> <span class='ocrx_word' id='word_1_432' title='bbox 2868 2687 3027 2753; x_wconf 86' lang='lat' dir='ltr'><strong>fecit,</strong></span> <span class='ocrx_word' id='word_1_433' title='bbox 3072 2698 3129 2742; x_wconf 87' lang='lat' dir='ltr'><strong>ut</strong></span> <span class='ocrx_word' id='word_1_434' title='bbox 3161 2690 3278 2758; x_wconf 83' lang='lat' dir='ltr'><strong>ipse</strong></span> <span class='ocrx_word' id='word_1_435' title='bbox 3312 2691 3555 2759; x_wconf 78' lang='lat' dir='ltr'><strong>gladium</strong></span> 
     </span>
    </p>
   </div>
   <div class='ocr_carea' id='block_1_57' title="bbox 1949 2775 3553 2845">
    <p class='ocr_par' dir='ltr' id='par_1_57' title="bbox 1949 2775 3553 2845">
     <span class='ocr_line' id='line_1_57' title="bbox 1949 2775 3553 2845; baseline 0.008 -17"><span class='ocrx_word' id='word_1_436' title='bbox 1949 2775 2003 2828; x_wconf 92' lang='lat' dir='ltr'><strong>in</strong></span> <span class='ocrx_word' id='word_1_437' title='bbox 2036 2789 2098 2829; x_wconf 88' lang='lat' dir='ltr'><strong>se</strong></span> <span class='ocrx_word' id='word_1_438' title='bbox 2127 2786 2490 2832; x_wconf 89' lang='lat' dir='ltr'><strong>converteret.</strong></span> <span class='ocrx_word' id='word_1_439' title='bbox 2515 2777 2575 2831; x_wconf 82' lang='lat' dir='ltr'><strong>Si</strong></span> <span class='ocrx_word' id='word_1_440' title='bbox 2599 2777 2798 2832; x_wconf 88' lang='lat' dir='ltr'><strong>timens</strong></span> <span class='ocrx_word' id='word_1_441' title='bbox 2834 2778 2963 2834; x_wconf 85' lang='lat' dir='ltr'><strong>fecit</strong></span> <span class='ocrx_word' id='word_1_442' title='bbox 2991 2821 3005 2845; x_wconf 95' lang='lat'><strong>,</strong></span> <span class='ocrx_word' id='word_1_443' title='bbox 3038 2795 3109 2836; x_wconf 86' lang='lat' dir='ltr'><strong>ne</strong></span> <span class='ocrx_word' id='word_1_444' title='bbox 3145 2782 3249 2836; x_wconf 90' lang='lat' dir='ltr'><strong>sibi</strong></span> <span class='ocrx_word' id='word_1_445' title='bbox 3292 2784 3553 2841; x_wconf 88' lang='lat' dir='ltr'><strong>illudere-</strong></span> 
     </span>
    </p>
   </div>
   <div class='ocr_carea' id='block_1_58' title="bbox 1950 2869 3559 2946">
    <p class='ocr_par' dir='ltr' id='par_1_58' title="bbox 1950 2869 3559 2946">
     <span class='ocr_line' id='line_1_58' title="bbox 1950 2869 3559 2946; baseline 0.009 -25"><span class='ocrx_word' id='word_1_446' title='bbox 1950 2878 2054 2935; x_wconf 89' lang='lat' dir='ltr'><strong>tur,</strong></span> <span class='ocrx_word' id='word_1_447' title='bbox 2086 2869 2212 2937; x_wconf 85' lang='lat' dir='ltr'><strong>quid</strong></span> <span class='ocrx_word' id='word_1_448' title='bbox 2247 2869 2434 2924; x_wconf 81' lang='lat' dir='ltr'><strong>laudas</strong></span> <span class='ocrx_word' id='word_1_449' title='bbox 2466 2872 2610 2940; x_wconf 88' lang='lat' dir='ltr'><strong>quod</strong></span> <span class='ocrx_word' id='word_1_450' title='bbox 2637 2872 2853 2926; x_wconf 84' lang='lat' dir='ltr'><strong>timoris</strong></span> <span class='ocrx_word' id='word_1_451' title='bbox 2870 2875 2989 2927; x_wconf 78' lang='lat' dir='ltr'><strong>est?</strong></span> <span class='ocrx_word' id='word_1_452' title='bbox 3013 2876 3067 2931; x_wconf 80' lang='lat' dir='ltr'><strong>Si</strong></span> <span class='ocrx_word' id='word_1_453' title='bbox 3099 2892 3207 2931; x_wconf 92' lang='lat' dir='ltr'><strong>non</strong></span> <span class='ocrx_word' id='word_1_454' title='bbox 3234 2880 3430 2946; x_wconf 83' lang='lat' dir='ltr'><strong>timuit,</strong></span> <span class='ocrx_word' id='word_1_455' title='bbox 3455 2895 3559 2936; x_wconf 83' lang='lat' dir='ltr'><strong>cur</strong></span> 
     </span>
    </p>
   </div>
   <div class='ocr_carea' id='block_1_59' title="bbox 1954 2962 3555 3037">
    <p class='ocr_par' dir='ltr' id='par_1_59' title="bbox 1954 2962 3555 3037">
     <span class='ocr_line' id='line_1_59' title="bbox 1954 2962 3555 3037; baseline 0.011 -26"><span class='ocrx_word' id='word_1_456' title='bbox 1954 2962 2129 3026; x_wconf 79' lang='lat' dir='ltr'><strong>primo</strong></span> <span class='ocrx_word' id='word_1_457' title='bbox 2158 2962 2301 3015; x_wconf 84' lang='lat' dir='ltr'><strong>aliud</strong></span> <span class='ocrx_word' id='word_1_458' title='bbox 2332 2963 2674 3037; x_wconf 76' lang='lat' dir='ltr'><strong>elegit?Ego</strong></span> <span class='ocrx_word' id='word_1_459' title='bbox 2704 2980 2809 3019; x_wconf 86' lang='lat' dir='ltr'><strong>nec</strong></span> <span class='ocrx_word' id='word_1_460' title='bbox 2838 2967 3132 3024; x_wconf 86' lang='lat' dir='ltr'><strong>illudentes</strong></span> <span class='ocrx_word' id='word_1_461' title='bbox 3174 2970 3452 3028; x_wconf 81' lang='lat' dir='ltr'><strong>Romanos</strong></span> <span class='ocrx_word' id='word_1_462' title='bbox 3485 2975 3555 3028; x_wconf 79' lang='lat' dir='ltr'><strong>ti-</strong></span> 
     </span>
    </p>
   </div>
   <div class='ocr_carea' id='block_1_60' title="bbox 1953 3058 3561 3136">
    <p class='ocr_par' dir='ltr' id='par_1_60' title="bbox 1953 3058 3561 3136">
     <span class='ocr_line' id='line_1_60' title="bbox 1953 3058 3561 3136; baseline 0.009 -29"><span class='ocrx_word' id='word_1_463' title='bbox 1953 3070 2108 3120; x_wconf 90' lang='lat' dir='ltr'><strong>meo,</strong></span> <span class='ocrx_word' id='word_1_464' title='bbox 2143 3069 2242 3109; x_wconf 88' lang='lat' dir='ltr'><strong>nec</strong></span> <span class='ocrx_word' id='word_1_465' title='bbox 2271 3058 2619 3111; x_wconf 83' lang='lat' dir='ltr'><strong>mentientes.</strong></span> <span class='ocrx_word' id='word_1_466' title='bbox 2666 3058 2799 3112; x_wconf 79' lang='lat' dir='ltr'><strong>Sani</strong></span> <span class='ocrx_word' id='word_1_467' title='bbox 2846 3068 3052 3114; x_wconf 87' lang='lat' dir='ltr'><strong>tantum</strong></span> <span class='ocrx_word' id='word_1_468' title='bbox 3099 3075 3159 3116; x_wconf 88' lang='lat' dir='ltr'><strong>se</strong></span> <span class='ocrx_word' id='word_1_469' title='bbox 3205 3064 3357 3119; x_wconf 88' lang='lat' dir='ltr'><strong>solus</strong></span> <span class='ocrx_word' id='word_1_470' title='bbox 3403 3080 3561 3136; x_wconf 71' lang='lat' dir='ltr'><strong>pere-</strong></span> 
     </span>
    </p>
   </div>
   <div class='ocr_carea' id='block_1_61' title="bbox 1954 3147 3558 3224">
    <p class='ocr_par' dir='ltr' id='par_1_61' title="bbox 1954 3147 3558 3224">
     <span class='ocr_line' id='line_1_61' title="bbox 1954 3147 3558 3224; baseline 0.01 -23"><span class='ocrx_word' id='word_1_471' title='bbox 1954 3151 2080 3213; x_wconf 87' lang='lat' dir='ltr'><strong>mit;</strong></span> <span class='ocrx_word' id='word_1_472' title='bbox 2123 3165 2229 3202; x_wconf 86' lang='lat' dir='ltr'><strong>non</strong></span> <span class='ocrx_word' id='word_1_473' title='bbox 2267 3147 2552 3215; x_wconf 83' lang='lat' dir='ltr'><strong>Jonathas,</strong></span> <span class='ocrx_word' id='word_1_474' title='bbox 2586 3166 2695 3207; x_wconf 87' lang='lat' dir='ltr'><strong>non</strong></span> <span class='ocrx_word' id='word_1_475' title='bbox 2741 3153 3031 3224; x_wconf 83' lang='lat' dir='ltr'><strong>quisquam</strong></span> <span class='ocrx_word' id='word_1_476' title='bbox 3074 3158 3212 3213; x_wconf 85' lang='lat' dir='ltr'><strong>alius</strong></span> <span class='ocrx_word' id='word_1_477' title='bbox 3259 3160 3309 3213; x_wconf 87' lang='lat' dir='ltr'><strong>in</strong></span> <span class='ocrx_word' id='word_1_478' title='bbox 3358 3165 3558 3218; x_wconf 87' lang='lat' dir='ltr'><strong>nostris</strong></span> 
     </span>
    </p>
   </div>
   <div class='ocr_carea' id='block_1_62' title="bbox 240 3236 3558 3326">
    <p class='ocr_par' dir='ltr' id='par_1_62' title="bbox 240 3236 3558 3326">
     <span class='ocr_line' id='line_1_62' title="bbox 240 3236 3558 3326; baseline 0.001 -20"><span class='ocrx_word' id='word_1_479' title='bbox 240 3252 320 3307; x_wconf 85' lang='lat' dir='ltr'><strong>ei:</strong></span> <span class='ocrx_word' id='word_1_480' title='bbox 358 3251 583 3304; x_wconf 80' lang='lat' dir='ltr'><strong>Ascende</strong></span> <span class='ocrx_word' id='word_1_481' title='bbox 610 3250 664 3301; x_wconf 79' lang='lat' dir='ltr'><strong>in</strong></span> <span class='ocrx_word' id='word_1_482' title='bbox 689 3255 913 3302; x_wconf 81' lang='lat' dir='ltr'><strong>montem</strong></span> <span class='ocrx_word' id='word_1_483' title='bbox 940 3244 1148 3299; x_wconf 80' lang='lat' dir='ltr'><strong>Abarim</strong></span> <span class='ocrx_word' id='word_1_484' title='bbox 1171 3244 1188 3315; x_wconf 81' lang='lat'>(</span> <span class='ocrx_word' id='word_1_485' title='bbox 1212 3242 1361 3297; x_wconf 78' lang='lat' dir='ltr'><strong>Deut.</strong></span> <span class='ocrx_word' id='word_1_486' title='bbox 1392 3255 1565 3305; x_wconf 60' lang='grc' dir='ltr'>χχχιι,</span> <span class='ocrx_word' id='word_1_487' title='bbox 1594 3236 1714 3309; x_wconf 72' lang='grc' dir='ltr'><strong>49)ἳ</strong></span> <span class='ocrx_word' id='word_1_488' title='bbox 1744 3236 1850 3292; x_wconf 82' lang='lat' dir='ltr'><strong>Sed</strong></span> <span class='ocrx_word' id='word_1_489' title='bbox 1876 3240 1920 3302; x_wconf 87' lang='lat' dir='ltr'><strong>C</strong></span> <span class='ocrx_word' id='word_1_490' title='bbox 1953 3240 2268 3310; x_wconf 83' lang='lat' dir='ltr'><strong>Scripturis.</strong></span> <span class='ocrx_word' id='word_1_491' title='bbox 2300 3241 2438 3308; x_wconf 85' lang='lat' dir='ltr'><strong>Quid</strong></span> <span class='ocrx_word' id='word_1_492' title='bbox 2471 3245 2689 3310; x_wconf 86' lang='lat' dir='ltr'><strong>mirum,</strong></span> <span class='ocrx_word' id='word_1_493' title='bbox 2720 3247 2767 3299; x_wconf 93' lang='lat' dir='ltr'><strong>si</strong></span> <span class='ocrx_word' id='word_1_494' title='bbox 2800 3248 2975 3316; x_wconf 86' lang='lat' dir='ltr'><strong>potuit</strong></span> <span class='ocrx_word' id='word_1_495' title='bbox 3022 3264 3083 3304; x_wconf 88' lang='lat' dir='ltr'><strong>se</strong></span> <span class='ocrx_word' id='word_1_496' title='bbox 3123 3252 3408 3320; x_wconf 84' lang='lat' dir='ltr'><strong>perimere,</strong></span> <span class='ocrx_word' id='word_1_497' title='bbox 3464 3254 3558 3326; x_wconf 88' lang='lat' dir='ltr'><strong>qui</strong></span> 
     </span>
    </p>
   </div>
   <div class='ocr_carea' id='block_1_63' title="bbox 242 3337 1843 3409">
    <p class='ocr_par' dir='ltr' id='par_1_63' title="bbox 242 3337 1843 3409">
     <span class='ocr_line' id='line_1_63' title="bbox 242 3337 1843 3409; baseline -0.01 -8"><span class='ocrx_word' id='word_1_498' title='bbox 242 3347 445 3401; x_wconf 88' lang='lat' dir='ltr'><strong>dictum</strong></span> <span class='ocrx_word' id='word_1_499' title='bbox 493 3353 603 3409; x_wconf 89' lang='lat' dir='ltr'><strong>est,</strong></span> <span class='ocrx_word' id='word_1_500' title='bbox 633 3342 902 3397; x_wconf 79' lang='lat' dir='ltr'><strong>Ascende:</strong></span> <span class='ocrx_word' id='word_1_501' title='bbox 944 3351 997 3393; x_wconf 88' lang='lat' dir='ltr'><strong>et</strong></span> <span class='ocrx_word' id='word_1_502' title='bbox 1027 3337 1268 3393; x_wconf 85' lang='lat' dir='ltr'><strong>ascendit</strong></span> <span class='ocrx_word' id='word_1_503' title='bbox 1293 3380 1304 3399; x_wconf 83' lang='lat'><strong>,</strong></span> <span class='ocrx_word' id='word_1_504' title='bbox 1334 3346 1389 3390; x_wconf 91' lang='lat' dir='ltr'><strong>et</strong></span> <span class='ocrx_word' id='word_1_505' title='bbox 1435 3346 1682 3389; x_wconf 82' lang='lat' dir='ltr'><strong>mortuus</strong></span> <span class='ocrx_word' id='word_1_506' title='bbox 1727 3342 1843 3387; x_wconf 83' lang='lat' dir='ltr'><strong>est:</strong></span> 
     </span>
    </p>
   </div>
   <div class='ocr_carea' id='block_1_64' title="bbox 243 3427 1847 3512">
    <p class='ocr_par' dir='ltr' id='par_1_64' title="bbox 243 3427 1847 3512">
     <span class='ocr_line' id='line_1_64' title="bbox 243 3427 1847 3512; baseline -0.012 -17"><span class='ocrx_word' id='word_1_507' title='bbox 243 3441 395 3512; x_wconf 88' lang='lat' dir='ltr'><strong>quasi</strong></span> <span class='ocrx_word' id='word_1_508' title='bbox 412 3441 588 3495; x_wconf 90' lang='lat' dir='ltr'><strong>bonus</strong></span> <span class='ocrx_word' id='word_1_509' title='bbox 617 3436 887 3498; x_wconf 80' lang='lat' dir='ltr'><strong>servulus,</strong></span> <span class='ocrx_word' id='word_1_510' title='bbox 902 3431 1239 3501; x_wconf 80' lang='lat' dir='ltr'><strong>exspectavit</strong></span> <span class='ocrx_word' id='word_1_511' title='bbox 1259 3427 1470 3482; x_wconf 86' lang='lat' dir='ltr'><strong>Domini</strong></span> <span class='ocrx_word' id='word_1_512' title='bbox 1497 3433 1847 3495; x_wconf 67' lang='lat' dir='ltr'><strong>prmccplunt.</strong></span> 
     </span>
    </p>
   </div>
   <div class='ocr_carea' id='block_1_65' title="bbox 244 3520 1851 3603">
    <p class='ocr_par' dir='ltr' id='par_1_65' title="bbox 244 3520 1851 3603">
     <span class='ocr_line' id='line_1_65' title="bbox 244 3520 1851 3603; baseline -0.012 -15"><span class='ocrx_word' id='word_1_513' title='bbox 244 3534 363 3603; x_wconf 85' lang='lat' dir='ltr'><strong>Ipse</strong></span> <span class='ocrx_word' id='word_1_514' title='bbox 391 3531 497 3587; x_wconf 81' lang='lat' dir='ltr'><strong>.Iob</strong></span> <span class='ocrx_word' id='word_1_515' title='bbox 524 3530 613 3600; x_wconf 90' lang='lat' dir='ltr'><strong>qui</strong></span> <span class='ocrx_word' id='word_1_516' title='bbox 652 3527 790 3583; x_wconf 79' lang='lat' dir='ltr'><strong>dixit</strong></span> <span class='ocrx_word' id='word_1_517' title='bbox 814 3545 827 3581; x_wconf 91' lang='lat'><strong>:</strong></span> <span class='ocrx_word' id='word_1_518' title='bbox 862 3524 1047 3579; x_wconf 82' lang='lat' dir='ltr'><strong>Pereat</strong></span> <span class='ocrx_word' id='word_1_519' title='bbox 1075 3523 1184 3577; x_wconf 80' lang='lat' dir='ltr'><strong>dies</strong></span> <span class='ocrx_word' id='word_1_520' title='bbox 1225 3522 1318 3575; x_wconf 84' lang='lat' dir='ltr'><strong>illa</strong></span> <span class='ocrx_word' id='word_1_521' title='bbox 1344 3520 1399 3573; x_wconf 81' lang='lat' dir='ltr'><strong>in</strong></span> <span class='ocrx_word' id='word_1_522' title='bbox 1434 3535 1535 3588; x_wconf 85' lang='lat' dir='ltr'><strong>qua</strong></span> <span class='ocrx_word' id='word_1_523' title='bbox 1562 3527 1712 3571; x_wconf 84' lang='lat' dir='ltr'><strong>natus</strong></span> <span class='ocrx_word' id='word_1_524' title='bbox 1738 3532 1851 3571; x_wconf 80' lang='lat' dir='ltr'><strong>rum</strong></span> 
     </span>
    </p>
   </div>
   <div class='ocr_carea' id='block_1_66' title="bbox 246 3614 1851 3699">
    <p class='ocr_par' dir='ltr' id='par_1_66' title="bbox 246 3614 1851 3699">
     <span class='ocr_line' id='line_1_66' title="bbox 246 3614 1851 3699; baseline -0.009 -17"><span class='ocrx_word' id='word_1_525' title='bbox 246 3626 369 3699; x_wconf 81' lang='lat' dir='ltr'><strong>(Job</strong></span> <span class='ocrx_word' id='word_1_526' title='bbox 402 3642 483 3688; x_wconf 83' lang='grc' dir='ltr'>ιιι,</span> <span class='ocrx_word' id='word_1_527' title='bbox 508 3626 564 3695; x_wconf 77' lang='grc'><strong>5)</strong></span> <span class='ocrx_word' id='word_1_528' title='bbox 601 3643 613 3677; x_wconf 94' lang='lat'>:</span> <span class='ocrx_word' id='word_1_529' title='bbox 648 3633 827 3677; x_wconf 87' lang='lat' dir='ltr'><strong>tamen</strong></span> <span class='ocrx_word' id='word_1_530' title='bbox 863 3622 914 3675; x_wconf 92' lang='lat' dir='ltr'><strong>in</strong></span> <span class='ocrx_word' id='word_1_531' title='bbox 946 3618 1260 3673; x_wconf 85' lang='lat' dir='ltr'><strong>vulneribus</strong></span> <span class='ocrx_word' id='word_1_532' title='bbox 1288 3626 1340 3670; x_wconf 88' lang='lat' dir='ltr'><strong>et</strong></span> <span class='ocrx_word' id='word_1_533' title='bbox 1366 3614 1653 3669; x_wconf 80' lang='lat' dir='ltr'><strong>doloribus</strong></span> <span class='ocrx_word' id='word_1_534' title='bbox 1703 3614 1851 3682; x_wconf 81' lang='lat' dir='ltr'><strong>pusi-</strong></span> 
     </span>
    </p>
   </div>
   <div class='ocr_carea' id='block_1_67' title="bbox 248 3707 1859 3785">
    <p class='ocr_par' dir='ltr' id='par_1_67' title="bbox 248 3707 1859 3785">
     <span class='ocr_line' id='line_1_67' title="bbox 248 3707 1859 3785; baseline -0.009 -11"><span class='ocrx_word' id='word_1_535' title='bbox 248 3731 357 3783; x_wconf 91' lang='lat' dir='ltr'><strong>tus,</strong></span> <span class='ocrx_word' id='word_1_536' title='bbox 389 3718 512 3772; x_wconf 71' lang='lat' dir='ltr'><strong>vita:</strong></span> <span class='ocrx_word' id='word_1_537' title='bbox 540 3716 699 3785; x_wconf 83' lang='lat' dir='ltr'><strong>hujus</strong></span> <span class='ocrx_word' id='word_1_538' title='bbox 730 3714 941 3769; x_wconf 90' lang='lat' dir='ltr'><strong>vincula</strong></span> <span class='ocrx_word' id='word_1_539' title='bbox 966 3727 1076 3766; x_wconf 87' lang='lat' dir='ltr'><strong>non</strong></span> <span class='ocrx_word' id='word_1_540' title='bbox 1102 3709 1497 3778; x_wconf 84' lang='lat' dir='ltr'><strong>disrumpebat,</strong></span> <span class='ocrx_word' id='word_1_541' title='bbox 1517 3708 1609 3762; x_wconf 81' lang='lat' dir='ltr'><strong>sed</strong></span> <span class='ocrx_word' id='word_1_542' title='bbox 1636 3715 1694 3761; x_wconf 90' lang='lat' dir='ltr'><strong>nt</strong></span> <span class='ocrx_word' id='word_1_543' title='bbox 1720 3707 1859 3760; x_wconf 19' lang='lat' dir='ltr'><strong>libeo‘</strong></span> 
     </span>
    </p>
   </div>
   <div class='ocr_carea' id='block_1_68' title="bbox 249 3799 1855 3880">
    <p class='ocr_par' dir='ltr' id='par_1_68' title="bbox 249 3799 1855 3880">
     <span class='ocr_line' id='line_1_68' title="bbox 249 3799 1855 3880; baseline -0.01 -13"><span class='ocrx_word' id='word_1_544' title='bbox 249 3821 466 3867; x_wconf 86' lang='lat' dir='ltr'><strong>raretur</strong></span> <span class='ocrx_word' id='word_1_545' title='bbox 492 3809 742 3880; x_wconf 85' lang='lat' dir='ltr'><strong>rogabat,</strong></span> <span class='ocrx_word' id='word_1_546' title='bbox 771 3807 960 3862; x_wconf 90' lang='lat' dir='ltr'><strong>dicens</strong></span> <span class='ocrx_word' id='word_1_547' title='bbox 986 3822 999 3858; x_wconf 89' lang='lat'>:</span> <span class='ocrx_word' id='word_1_548' title='bbox 1027 3803 1094 3859; x_wconf 87' lang='lat' dir='ltr'><strong>Ut</strong></span> <span class='ocrx_word' id='word_1_549' title='bbox 1121 3804 1245 3873; x_wconf 82' lang='lat' dir='ltr'><strong>quid</strong></span> <span class='ocrx_word' id='word_1_550' title='bbox 1267 3802 1449 3855; x_wconf 81' lang='lat' dir='ltr'><strong>datum</strong></span> <span class='ocrx_word' id='word_1_551' title='bbox 1474 3812 1549 3854; x_wconf 82' lang='lat' dir='ltr'><strong>est</strong></span> <span class='ocrx_word' id='word_1_552' title='bbox 1576 3800 1631 3854; x_wconf 78' lang='lat' dir='ltr'><strong>in</strong></span> <span class='ocrx_word' id='word_1_553' title='bbox 1662 3799 1855 3852; x_wconf 85' lang='lat' dir='ltr'><strong>amari-</strong></span> 
     </span>
    </p>
   </div>
   <div class='ocr_carea' id='block_1_69' title="bbox 250 3892 1852 3967">
    <p class='ocr_par' dir='ltr' id='par_1_69' title="bbox 250 3892 1852 3967">
     <span class='ocr_line' id='line_1_69' title="bbox 250 3892 1852 3967; baseline -0.009 -9"><span class='ocrx_word' id='word_1_554' title='bbox 250 3904 431 3958; x_wconf 81' lang='lat' dir='ltr'><strong>tudine</strong></span> <span class='ocrx_word' id='word_1_555' title='bbox 459 3902 632 3955; x_wconf 80' lang='lat' dir='ltr'><strong>lumen</strong></span> <span class='ocrx_word' id='word_1_556' title='bbox 656 3943 670 3967; x_wconf 97' lang='lat'><strong>,</strong></span> <span class='ocrx_word' id='word_1_557' title='bbox 702 3900 807 3953; x_wconf 77' lang='lat' dir='ltr'><strong>vita</strong></span> <span class='ocrx_word' id='word_1_558' title='bbox 836 3910 1007 3953; x_wconf 82' lang='lat' dir='ltr'><strong>autem</strong></span> <span class='ocrx_word' id='word_1_559' title='bbox 1047 3898 1100 3949; x_wconf 84' lang='lat' dir='ltr'><strong>in</strong></span> <span class='ocrx_word' id='word_1_560' title='bbox 1133 3893 1402 3949; x_wconf 77' lang='lat' dir='ltr'><strong>doloribus</strong></span> <span class='ocrx_word' id='word_1_561' title='bbox 1431 3894 1619 3946; x_wconf 72' lang='lat' dir='ltr'><strong>animae</strong></span> <span class='ocrx_word' id='word_1_562' title='bbox 1646 3892 1852 3958; x_wconf 53' lang='lat' dir='ltr'><strong>(ibim,</strong></span> 
     </span>
    </p>
   </div>
   <div class='ocr_carea' id='block_1_70' title="bbox 249 3987 1857 4069">
    <p class='ocr_par' dir='ltr' id='par_1_70' title="bbox 249 3987 1857 4069">
     <span class='ocr_line' id='line_1_70' title="bbox 249 3987 1857 4069; baseline -0.006 -18"><span class='ocrx_word' id='word_1_563' title='bbox 249 3998 383 4069; x_wconf 73' lang='lat'><strong>9.0)?</strong></span> <span class='ocrx_word' id='word_1_564' title='bbox 409 3996 692 4052; x_wconf 81' lang='lat' dir='ltr'><strong>Laudabat</strong></span> <span class='ocrx_word' id='word_1_565' title='bbox 718 3996 899 4059; x_wconf 84' lang='lat' dir='ltr'><strong>itaque</strong></span> <span class='ocrx_word' id='word_1_566' title='bbox 930 4003 1180 4055; x_wconf 89' lang='lat' dir='ltr'><strong>mortetn,</strong></span> <span class='ocrx_word' id='word_1_567' title='bbox 1213 4005 1337 4045; x_wconf 89' lang='lat' dir='ltr'><strong>cum</strong></span> <span class='ocrx_word' id='word_1_568' title='bbox 1370 3989 1578 4044; x_wconf 89' lang='lat' dir='ltr'><strong>diceret</strong></span> <span class='ocrx_word' id='word_1_569' title='bbox 1608 4005 1623 4041; x_wconf 88' lang='lat'><strong>:</strong></span> <span class='ocrx_word' id='word_1_570' title='bbox 1656 3987 1802 4041; x_wconf 75' lang='lat' dir='ltr'><strong>Mors</strong></span> <span class='ocrx_word' id='word_1_571' title='bbox 1829 3997 1857 4026; x_wconf 74' lang='grc' dir='ltr'><strong>ιι</strong></span> 
     </span>
    </p>
   </div>
   <div class='ocr_carea' id='block_1_71' title="bbox 252 4080 1854 4159">
    <p class='ocr_par' dir='ltr' id='par_1_71' title="bbox 252 4080 1854 4159">
     <span class='ocr_line' id='line_1_71' title="bbox 252 4080 1854 4159; baseline -0.006 -16"><span class='ocrx_word' id='word_1_572' title='bbox 252 4106 373 4145; x_wconf 79' lang='lat' dir='ltr'><strong>vero</strong></span> <span class='ocrx_word' id='word_1_573' title='bbox 399 4089 603 4157; x_wconf 76' lang='lat' dir='ltr'><strong>requies</strong></span> <span class='ocrx_word' id='word_1_574' title='bbox 630 4084 754 4159; x_wconf 83' lang='lat' dir='ltr'><strong>(Job</strong></span> <span class='ocrx_word' id='word_1_575' title='bbox 782 4100 919 4151; x_wconf 55' lang='grc' dir='ltr'>χιιι,</span> <span class='ocrx_word' id='word_1_576' title='bbox 964 4084 1055 4154; x_wconf 75' lang='grc'><strong>16)</strong></span> <span class='ocrx_word' id='word_1_577' title='bbox 1091 4101 1104 4137; x_wconf 89' lang='lat'><strong>:</strong></span> <span class='ocrx_word' id='word_1_578' title='bbox 1142 4092 1322 4136; x_wconf 85' lang='lat' dir='ltr'><strong>tamen</strong></span> <span class='ocrx_word' id='word_1_579' title='bbox 1350 4096 1458 4136; x_wconf 86' lang='lat' dir='ltr'><strong>non</strong></span> <span class='ocrx_word' id='word_1_580' title='bbox 1489 4080 1854 4148; x_wconf 72' lang='lat' dir='ltr'><strong>prreripiebat,</strong></span> 
     </span>
    </p>
   </div>
   <div class='ocr_carea' id='block_1_72' title="bbox 254 4171 1859 4251">
    <p class='ocr_par' dir='ltr' id='par_1_72' title="bbox 254 4171 1859 4251">
     <span class='ocr_line' id='line_1_72' title="bbox 254 4171 1859 4251; baseline -0.007 -13"><span class='ocrx_word' id='word_1_581' title='bbox 254 4182 348 4238; x_wconf 86' lang='lat' dir='ltr'><strong>sed</strong></span> <span class='ocrx_word' id='word_1_582' title='bbox 382 4181 724 4251; x_wconf 88' lang='lat' dir='ltr'><strong>postulabat,</strong></span> <span class='ocrx_word' id='word_1_583' title='bbox 757 4188 816 4233; x_wconf 89' lang='lat' dir='ltr'><strong>ut</strong></span> <span class='ocrx_word' id='word_1_584' title='bbox 841 4179 1101 4248; x_wconf 88' lang='lat' dir='ltr'><strong>scriptum</strong></span> <span class='ocrx_word' id='word_1_585' title='bbox 1141 4185 1227 4230; x_wconf 89' lang='lat' dir='ltr'><strong>est</strong></span> <span class='ocrx_word' id='word_1_586' title='bbox 1256 4193 1269 4228; x_wconf 87' lang='lat'><strong>:</strong></span> <span class='ocrx_word' id='word_1_587' title='bbox 1302 4173 1583 4229; x_wconf 83' lang='lat' dir='ltr'><strong>Concutior</strong></span> <span class='ocrx_word' id='word_1_588' title='bbox 1621 4171 1859 4227; x_wconf 75' lang='lat' dir='ltr'><strong>omnibus</strong></span> 
     </span>
    </p>
   </div>
   <div class='ocr_carea' id='block_1_73' title="bbox 256 4264 1860 4341">
    <p class='ocr_par' dir='ltr' id='par_1_73' title="bbox 256 4264 1860 4341">
     <span class='ocr_line' id='line_1_73' title="bbox 256 4264 1860 4341; baseline -0.007 -13"><span class='ocrx_word' id='word_1_589' title='bbox 256 4274 495 4332; x_wconf 74' lang='lat' dir='ltr'><strong>membris</strong></span> <span class='ocrx_word' id='word_1_590' title='bbox 521 4290 541 4328; x_wconf 90' lang='lat'><strong><em>:</em></strong></span> <span class='ocrx_word' id='word_1_591' title='bbox 566 4283 616 4328; x_wconf 85' lang='lat' dir='ltr'><strong>et</strong></span> <span class='ocrx_word' id='word_1_592' title='bbox 636 4274 754 4341; x_wconf 86' lang='lat' dir='ltr'><strong>quia</strong></span> <span class='ocrx_word' id='word_1_593' title='bbox 774 4289 886 4325; x_wconf 77' lang='lat' dir='ltr'><strong>sum</strong></span> <span class='ocrx_word' id='word_1_594' title='bbox 911 4272 1118 4341; x_wconf 79' lang='lat' dir='ltr'><strong>impius,</strong></span> <span class='ocrx_word' id='word_1_595' title='bbox 1144 4284 1303 4338; x_wconf 88' lang='lat' dir='ltr'><strong>quare</strong></span> <span class='ocrx_word' id='word_1_596' title='bbox 1323 4283 1423 4320; x_wconf 80' lang='lat' dir='ltr'><strong>non</strong></span> <span class='ocrx_word' id='word_1_597' title='bbox 1448 4282 1564 4320; x_wconf 75' lang='lat' dir='ltr'><strong>sum</strong></span> <span class='ocrx_word' id='word_1_598' title='bbox 1590 4264 1860 4318; x_wconf 77' lang='lat' dir='ltr'><strong>mortuus?</strong></span> 
     </span>
    </p>
   </div>
   <div class='ocr_carea' id='block_1_74' title="bbox 256 4355 1859 4433">
    <p class='ocr_par' dir='ltr' id='par_1_74' title="bbox 256 4355 1859 4433">
     <span class='ocr_line' id='line_1_74' title="bbox 256 4355 1859 4433; baseline -0.011 -7"><span class='ocrx_word' id='word_1_599' title='bbox 256 4369 365 4426; x_wconf 87' lang='lat' dir='ltr'><strong>Cur</strong></span> <span class='ocrx_word' id='word_1_600' title='bbox 391 4369 454 4422; x_wconf 83' lang='lat' dir='ltr'><strong>de</strong></span> <span class='ocrx_word' id='word_1_601' title='bbox 496 4375 670 4421; x_wconf 78' lang='lat' dir='ltr'><strong>uentre</strong></span> <span class='ocrx_word' id='word_1_602' title='bbox 700 4365 880 4419; x_wconf 78' lang='lat' dir='ltr'><strong>matris</strong></span> <span class='ocrx_word' id='word_1_603' title='bbox 908 4378 1009 4416; x_wconf 85' lang='lat' dir='ltr'><strong>non</strong></span> <span class='ocrx_word' id='word_1_604' title='bbox 1038 4362 1093 4415; x_wconf 80' lang='lat' dir='ltr'><strong>in</strong></span> <span class='ocrx_word' id='word_1_605' title='bbox 1123 4359 1419 4433; x_wconf 77' lang='lat' dir='ltr'><strong>sepulcrum</strong></span> <span class='ocrx_word' id='word_1_606' title='bbox 1449 4358 1657 4413; x_wconf 79' lang='lat' dir='ltr'><strong>decidi?</strong></span> <span class='ocrx_word' id='word_1_607' title='bbox 1694 4358 1803 4429; x_wconf 71' lang='lat' dir='ltr'><strong>Aut</strong></span> <span class='ocrx_word' id='word_1_608' title='bbox 1830 4355 1859 4395; x_wconf 72' lang='grc' dir='ltr'>ι’</span> 
     </span>
    </p>
   </div>
   <div class='ocr_carea' id='block_1_75' title="bbox 260 4451 1859 4530">
    <p class='ocr_par' dir='ltr' id='par_1_75' title="bbox 260 4451 1859 4530">
     <span class='ocr_line' id='line_1_75' title="bbox 260 4451 1859 4530; baseline -0.007 -16"><span class='ocrx_word' id='word_1_609' title='bbox 260 4460 510 4530; x_wconf 80' lang='lat' dir='ltr'><strong>numquid</strong></span> <span class='ocrx_word' id='word_1_610' title='bbox 538 4462 684 4512; x_wconf 80' lang='lat' dir='ltr'><strong>breve</strong></span> <span class='ocrx_word' id='word_1_611' title='bbox 704 4467 904 4525; x_wconf 74' lang='lat' dir='ltr'><strong>tempus</strong></span> <span class='ocrx_word' id='word_1_612' title='bbox 934 4455 1052 4509; x_wconf 73' lang='lat' dir='ltr'><strong>uita:</strong></span> <span class='ocrx_word' id='word_1_613' title='bbox 1086 4470 1214 4508; x_wconf 77' lang='lat' dir='ltr'><strong>mea:</strong></span> <span class='ocrx_word' id='word_1_614' title='bbox 1234 4454 1260 4506; x_wconf 87' lang='lat'><strong><em>?</em></strong></span> <span class='ocrx_word' id='word_1_615' title='bbox 1288 4451 1504 4505; x_wconf 79' lang='lat' dir='ltr'><strong>Dimitte</strong></span> <span class='ocrx_word' id='word_1_616' title='bbox 1529 4467 1613 4505; x_wconf 82' lang='lat' dir='ltr'><strong>me</strong></span> <span class='ocrx_word' id='word_1_617' title='bbox 1658 4451 1859 4521; x_wconf 84' lang='lat' dir='ltr'><strong>requie-</strong></span> 
     </span>
    </p>
   </div>
   <div class='ocr_carea' id='block_1_76' title="bbox 263 4544 1862 4622">
    <p class='ocr_par' dir='ltr' id='par_1_76' title="bbox 263 4544 1862 4622">
     <span class='ocr_line' id='line_1_76' title="bbox 263 4544 1862 4622; baseline -0.008 -16"><span class='ocrx_word' id='word_1_618' title='bbox 263 4568 406 4607; x_wconf 75' lang='lat' dir='ltr'><strong>scere</strong></span> <span class='ocrx_word' id='word_1_619' title='bbox 429 4550 707 4622; x_wconf 78' lang='lat' dir='ltr'><strong>paululum</strong></span> <span class='ocrx_word' id='word_1_620' title='bbox 753 4546 876 4620; x_wconf 82' lang='lat' dir='ltr'><strong>(Job</strong></span> <span class='ocrx_word' id='word_1_621' title='bbox 925 4562 990 4612; x_wconf 83' lang='lat' dir='ltr'><strong>x,</strong></span> <span class='ocrx_word' id='word_1_622' title='bbox 1017 4545 1242 4615; x_wconf 67' lang='lat'><strong>18—90).</strong></span> <span class='ocrx_word' id='word_1_623' title='bbox 1282 4544 1435 4598; x_wconf 81' lang='lat' dir='ltr'><strong>Alius</strong></span> <span class='ocrx_word' id='word_1_624' title='bbox 1470 4556 1688 4613; x_wconf 89' lang='lat' dir='ltr'><strong>quoque</strong></span> <span class='ocrx_word' id='word_1_625' title='bbox 1737 4556 1862 4594; x_wconf 89' lang='lat' dir='ltr'><strong>san-</strong></span> 
     </span>
    </p>
   </div>
   <div class='ocr_carea' id='block_1_77' title="bbox 1958 3333 3562 3404">
    <p class='ocr_par' dir='ltr' id='par_1_77' title="bbox 1958 3333 3562 3404">
     <span class='ocr_line' id='line_1_77' title="bbox 1958 3333 3562 3404; baseline 0.012 -19"><span class='ocrx_word' id='word_1_626' title='bbox 1958 3333 2134 3402; x_wconf 86' lang='lat' dir='ltr'><strong>potuit</strong></span> <span class='ocrx_word' id='word_1_627' title='bbox 2154 3333 2316 3389; x_wconf 87' lang='lat' dir='ltr'><strong>etiam</strong></span> <span class='ocrx_word' id='word_1_628' title='bbox 2350 3334 2518 3390; x_wconf 86' lang='lat' dir='ltr'><strong>tilium</strong></span> <span class='ocrx_word' id='word_1_629' title='bbox 2557 3336 2848 3393; x_wconf 79' lang='lat' dir='ltr'><strong>occidere?</strong></span> <span class='ocrx_word' id='word_1_630' title='bbox 2882 3339 3063 3396; x_wconf 84' lang='lat' dir='ltr'><strong>Aaron</strong></span> <span class='ocrx_word' id='word_1_631' title='bbox 3113 3344 3252 3399; x_wconf 87' lang='lat' dir='ltr'><strong>inter</strong></span> <span class='ocrx_word' id='word_1_632' title='bbox 3296 3347 3448 3402; x_wconf 82' lang='lat' dir='ltr'><strong>vivos</strong></span> <span class='ocrx_word' id='word_1_633' title='bbox 3495 3362 3562 3404; x_wconf 84' lang='lat' dir='ltr'><strong>ac</strong></span> 
     </span>
    </p>
   </div>
   <div class='ocr_carea' id='block_1_78' title="bbox 1954 3427 3562 3500">
    <p class='ocr_par' dir='ltr' id='par_1_78' title="bbox 1954 3427 3562 3500">
     <span class='ocr_line' id='line_1_78' title="bbox 1954 3427 3562 3500; baseline 0.011 -23"><span class='ocrx_word' id='word_1_634' title='bbox 1954 3438 2200 3480; x_wconf 87' lang='lat' dir='ltr'><strong>mortuos</strong></span> <span class='ocrx_word' id='word_1_635' title='bbox 2249 3427 2399 3482; x_wconf 89' lang='lat' dir='ltr'><strong>stetit</strong></span> <span class='ocrx_word' id='word_1_636' title='bbox 2448 3445 2462 3492; x_wconf 85' lang='lat'><strong>;</strong></span> <span class='ocrx_word' id='word_1_637' title='bbox 2511 3437 2568 3483; x_wconf 89' lang='lat' dir='ltr'><strong>et</strong></span> <span class='ocrx_word' id='word_1_638' title='bbox 2615 3429 2718 3484; x_wconf 86' lang='lat' dir='ltr'><strong>hoc</strong></span> <span class='ocrx_word' id='word_1_639' title='bbox 2767 3433 2981 3487; x_wconf 81' lang='lat' dir='ltr'><strong>virtutis</strong></span> <span class='ocrx_word' id='word_1_640' title='bbox 3033 3443 3154 3500; x_wconf 83' lang='lat' dir='ltr'><strong>est,</strong></span> <span class='ocrx_word' id='word_1_641' title='bbox 3188 3452 3299 3491; x_wconf 83' lang='lat' dir='ltr'><strong>non</strong></span> <span class='ocrx_word' id='word_1_642' title='bbox 3339 3438 3562 3493; x_wconf 61' lang='lat' dir='ltr'><strong>temeri-</strong></span> 
     </span>
    </p>
   </div>
   <div class='ocr_carea' id='block_1_79' title="bbox 1956 3517 3565 3597">
    <p class='ocr_par' dir='ltr' id='par_1_79' title="bbox 1956 3517 3565 3597">
     <span class='ocr_line' id='line_1_79' title="bbox 1956 3517 3565 3597; baseline 0.011 -28"><span class='ocrx_word' id='word_1_643' title='bbox 1956 3517 2083 3571; x_wconf 82' lang='lat' dir='ltr'><strong>tatis</strong></span> <span class='ocrx_word' id='word_1_644' title='bbox 2127 3537 2140 3570; x_wconf 88' lang='lat'><strong>:</strong></span> <span class='ocrx_word' id='word_1_645' title='bbox 2191 3535 2295 3572; x_wconf 85' lang='lat' dir='ltr'><strong>non</strong></span> <span class='ocrx_word' id='word_1_646' title='bbox 2351 3520 2496 3574; x_wconf 87' lang='lat' dir='ltr'><strong>enitu</strong></span> <span class='ocrx_word' id='word_1_647' title='bbox 2545 3532 2775 3577; x_wconf 85' lang='lat' dir='ltr'><strong>mortem</strong></span> <span class='ocrx_word' id='word_1_648' title='bbox 2834 3525 2937 3579; x_wconf 89' lang='lat' dir='ltr'><strong>sibi</strong></span> <span class='ocrx_word' id='word_1_649' title='bbox 2992 3526 3213 3597; x_wconf 78' lang='lat' dir='ltr'><strong>intulit,</strong></span> <span class='ocrx_word' id='word_1_650' title='bbox 3260 3529 3363 3584; x_wconf 85' lang='lat' dir='ltr'><strong>sed</strong></span> <span class='ocrx_word' id='word_1_651' title='bbox 3414 3547 3565 3587; x_wconf 74' lang='lat' dir='ltr'><strong>mor-</strong></span> 
     </span>
    </p>
   </div>
   <div class='ocr_carea' id='block_1_80' title="bbox 1958 3614 3562 3693">
    <p class='ocr_par' dir='ltr' id='par_1_80' title="bbox 1958 3614 3562 3693">
     <span class='ocr_line' id='line_1_80' title="bbox 1958 3614 3562 3693; baseline 0.011 -28"><span class='ocrx_word' id='word_1_652' title='bbox 1958 3621 2064 3665; x_wconf 84' lang='lat' dir='ltr'><strong>tem</strong></span> <span class='ocrx_word' id='word_1_653' title='bbox 2122 3628 2234 3667; x_wconf 63' lang='lat' dir='ltr'><strong>non</strong></span> <span class='ocrx_word' id='word_1_654' title='bbox 2284 3614 2462 3670; x_wconf 86' lang='lat' dir='ltr'><strong>timuit</strong></span> <span class='ocrx_word' id='word_1_655' title='bbox 2493 3633 2506 3667; x_wconf 87' lang='lat'><strong><em>:</em></strong></span> <span class='ocrx_word' id='word_1_656' title='bbox 2534 3617 2625 3686; x_wconf 88' lang='lat' dir='ltr'><strong>qui</strong></span> <span class='ocrx_word' id='word_1_657' title='bbox 2656 3633 2774 3671; x_wconf 77' lang='lat' dir='ltr'><strong>eam</strong></span> <span class='ocrx_word' id='word_1_658' title='bbox 2803 3633 3036 3689; x_wconf 85' lang='lat' dir='ltr'><strong>corpore</strong></span> <span class='ocrx_word' id='word_1_659' title='bbox 3079 3636 3181 3676; x_wconf 86' lang='lat' dir='ltr'><strong>suo</strong></span> <span class='ocrx_word' id='word_1_660' title='bbox 3233 3625 3458 3693; x_wconf 78' lang='lat' dir='ltr'><strong>repulit,</strong></span> <span class='ocrx_word' id='word_1_661' title='bbox 3504 3636 3562 3682; x_wconf 85' lang='lat' dir='ltr'><strong>et</strong></span> 
     </span>
    </p>
   </div>
   <div class='ocr_carea' id='block_1_81' title="bbox 1955 3706 3564 3790">
    <p class='ocr_par' dir='ltr' id='par_1_81' title="bbox 1955 3706 3564 3790">
     <span class='ocr_line' id='line_1_81' title="bbox 1955 3706 3564 3790; baseline 0.009 -29"><span class='ocrx_word' id='word_1_662' title='bbox 1955 3707 2200 3776; x_wconf 88' lang='lat' dir='ltr'><strong>serpenti</strong></span> <span class='ocrx_word' id='word_1_663' title='bbox 2236 3706 2262 3745; x_wconf 71' lang='grc' dir='ltr'>ἀ</span> <span class='ocrx_word' id='word_1_664' title='bbox 2300 3708 2353 3762; x_wconf 86' lang='lat' dir='ltr'><strong>in</strong></span> <span class='ocrx_word' id='word_1_665' title='bbox 2405 3713 2553 3764; x_wconf 88' lang='lat' dir='ltr'><strong>omni</strong></span> <span class='ocrx_word' id='word_1_666' title='bbox 2606 3714 2893 3767; x_wconf 80' lang='lat' dir='ltr'><strong>obstaculo</strong></span> <span class='ocrx_word' id='word_1_667' title='bbox 2940 3716 3058 3769; x_wconf 85' lang='lat' dir='ltr'><strong>fuit.</strong></span> <span class='ocrx_word' id='word_1_668' title='bbox 3110 3716 3227 3771; x_wconf 83' lang='lat' dir='ltr'><strong>Non</strong></span> <span class='ocrx_word' id='word_1_669' title='bbox 3287 3733 3388 3787; x_wconf 88' lang='lat' dir='ltr'><strong>ego</strong></span> <span class='ocrx_word' id='word_1_670' title='bbox 3436 3723 3564 3790; x_wconf 83' lang='lat' dir='ltr'><strong>qui-</strong></span> 
     </span>
    </p>
   </div>
   <div class='ocr_carea' id='block_1_82' title="bbox 1956 3796 3565 3876">
    <p class='ocr_par' dir='ltr' id='par_1_82' title="bbox 1956 3796 3565 3876">
     <span class='ocr_line' id='line_1_82' title="bbox 1956 3796 3565 3876; baseline 0.012 -26"><span class='ocrx_word' id='word_1_671' title='bbox 1956 3796 2079 3852; x_wconf 86' lang='lat' dir='ltr'><strong>dem</strong></span> <span class='ocrx_word' id='word_1_672' title='bbox 2107 3797 2321 3865; x_wconf 85' lang='lat' dir='ltr'><strong>Aaron,</strong></span> <span class='ocrx_word' id='word_1_673' title='bbox 2348 3801 2445 3855; x_wconf 81' lang='lat' dir='ltr'><strong>sed</strong></span> <span class='ocrx_word' id='word_1_674' title='bbox 2477 3812 2655 3857; x_wconf 91' lang='lat' dir='ltr'><strong>tamen</strong></span> <span class='ocrx_word' id='word_1_675' title='bbox 2699 3820 2807 3858; x_wconf 85' lang='lat' dir='ltr'><strong>non</strong></span> <span class='ocrx_word' id='word_1_676' title='bbox 2848 3806 3090 3876; x_wconf 76' lang='lat' dir='ltr'><strong>degener</strong></span> <span class='ocrx_word' id='word_1_677' title='bbox 3130 3810 3199 3863; x_wconf 84' lang='lat' dir='ltr'><strong>ab</strong></span> <span class='ocrx_word' id='word_1_678' title='bbox 3249 3825 3340 3875; x_wconf 91' lang='lat' dir='ltr'><strong>eo,</strong></span> <span class='ocrx_word' id='word_1_679' title='bbox 3391 3811 3565 3869; x_wconf 63' lang='lat' dir='ltr'><strong>olfero</strong></span> 
     </span>
    </p>
   </div>
   <div class='ocr_carea' id='block_1_83' title="bbox 1959 3891 3565 3968">
    <p class='ocr_par' dir='ltr' id='par_1_83' title="bbox 1959 3891 3565 3968">
     <span class='ocr_line' id='line_1_83' title="bbox 1959 3891 3565 3968; baseline 0.011 -25"><span class='ocrx_word' id='word_1_680' title='bbox 1959 3905 2181 3955; x_wconf 90' lang='lat' dir='ltr'><strong>manus;</strong></span> <span class='ocrx_word' id='word_1_681' title='bbox 2225 3891 2425 3948; x_wconf 78' lang='lat' dir='ltr'><strong>feriant</strong></span> <span class='ocrx_word' id='word_1_682' title='bbox 2472 3904 2531 3948; x_wconf 80' lang='lat' dir='ltr'><strong>ut</strong></span> <span class='ocrx_word' id='word_1_683' title='bbox 2579 3896 2787 3952; x_wconf 81' lang='lat' dir='ltr'><strong>volunt.</strong></span> <span class='ocrx_word' id='word_1_684' title='bbox 2840 3896 2905 3955; x_wconf 77' lang='lat' dir='ltr'><strong>Si</strong></span> <span class='ocrx_word' id='word_1_685' title='bbox 2952 3915 3175 3968; x_wconf 73' lang='lat' dir='ltr'><strong>possunt</strong></span> <span class='ocrx_word' id='word_1_686' title='bbox 3208 3918 3398 3959; x_wconf 87' lang='lat' dir='ltr'><strong>eorum</strong></span> <span class='ocrx_word' id='word_1_687' title='bbox 3450 3922 3565 3961; x_wconf 78' lang='lat' dir='ltr'><strong>nta-</strong></span> 
     </span>
    </p>
   </div>
   <div class='ocr_carea' id='block_1_84' title="bbox 1959 3983 3559 4063">
    <p class='ocr_par' dir='ltr' id='par_1_84' title="bbox 1959 3983 3559 4063">
     <span class='ocr_line' id='line_1_84' title="bbox 1959 3983 3559 4063; baseline 0.011 -28"><span class='ocrx_word' id='word_1_688' title='bbox 1959 3998 2065 4036; x_wconf 89' lang='lat' dir='ltr'><strong>nus</strong></span> <span class='ocrx_word' id='word_1_689' title='bbox 2110 3983 2321 4048; x_wconf 89' lang='lat' dir='ltr'><strong>timere,</strong></span> <span class='ocrx_word' id='word_1_690' title='bbox 2349 3984 2542 4056; x_wconf 78' lang='lat' dir='ltr'><strong>dignus</strong></span> <span class='ocrx_word' id='word_1_691' title='bbox 2570 4002 2688 4042; x_wconf 83' lang='lat' dir='ltr'><strong>sum</strong></span> <span class='ocrx_word' id='word_1_692' title='bbox 2736 3989 2827 4059; x_wconf 91' lang='lat' dir='ltr'><strong>qui</strong></span> <span class='ocrx_word' id='word_1_693' title='bbox 2880 3992 3131 4048; x_wconf 76' lang='lat' dir='ltr'><strong>manibus.</strong></span> <span class='ocrx_word' id='word_1_694' title='bbox 3154 4009 3369 4063; x_wconf 74' lang='lat' dir='ltr'><strong>pereant</strong></span> <span class='ocrx_word' id='word_1_695' title='bbox 3402 3999 3559 4053; x_wconf 82' lang='lat' dir='ltr'><strong>meis.</strong></span> 
     </span>
    </p>
   </div>
   <div class='ocr_carea' id='block_1_85' title="bbox 1962 4076 3562 4160">
    <p class='ocr_par' dir='ltr' id='par_1_85' title="bbox 1962 4076 3562 4160">
     <span class='ocr_line' id='line_1_85' title="bbox 1962 4076 3562 4160; baseline 0.011 -30"><span class='ocrx_word' id='word_1_696' title='bbox 1962 4076 2021 4130; x_wconf 85' lang='lat' dir='ltr'><strong>Si</strong></span> <span class='ocrx_word' id='word_1_697' title='bbox 2050 4086 2072 4113; x_wconf 69' lang='grc' dir='ltr'>ε</span> <span class='ocrx_word' id='word_1_698' title='bbox 2107 4085 2334 4145; x_wconf 87' lang='lat' dir='ltr'><strong>pereunt</strong></span> <span class='ocrx_word' id='word_1_699' title='bbox 2383 4078 2461 4134; x_wconf 92' lang='lat' dir='ltr'><strong>illi</strong></span> <span class='ocrx_word' id='word_1_700' title='bbox 2508 4081 2845 4149; x_wconf 87' lang='lat' dir='ltr'><strong>adversario,</strong></span> <span class='ocrx_word' id='word_1_701' title='bbox 2893 4100 2990 4140; x_wconf 84' lang='lat' dir='ltr'><strong>cur</strong></span> <span class='ocrx_word' id='word_1_702' title='bbox 3032 4102 3138 4157; x_wconf 78' lang='lat' dir='ltr'><strong>ego</strong></span> <span class='ocrx_word' id='word_1_703' title='bbox 3189 4104 3295 4144; x_wconf 88' lang='lat' dir='ltr'><strong>non</strong></span> <span class='ocrx_word' id='word_1_704' title='bbox 3347 4107 3562 4160; x_wconf 86' lang='lat' dir='ltr'><strong>peream</strong></span> 
     </span>
    </p>
   </div>
   <div class='ocr_carea' id='block_1_86' title="bbox 1962 4166 3567 4246">
    <p class='ocr_par' dir='ltr' id='par_1_86' title="bbox 1962 4166 3567 4246">
     <span class='ocr_line' id='line_1_86' title="bbox 1962 4166 3567 4246; baseline 0.013 -26"><span class='ocrx_word' id='word_1_705' title='bbox 1962 4166 2138 4221; x_wconf 86' lang='lat' dir='ltr'><strong>mihi?</strong></span> <span class='ocrx_word' id='word_1_706' title='bbox 2169 4168 2227 4223; x_wconf 90' lang='lat' dir='ltr'><strong>Si</strong></span> <span class='ocrx_word' id='word_1_707' title='bbox 2272 4172 2514 4239; x_wconf 70' lang='lat' dir='ltr'><strong>quaeritis</strong></span> <span class='ocrx_word' id='word_1_708' title='bbox 2553 4188 2649 4227; x_wconf 92' lang='lat' dir='ltr'><strong>cur</strong></span> <span class='ocrx_word' id='word_1_709' title='bbox 2692 4190 2919 4244; x_wconf 83' lang='lat' dir='ltr'><strong>parcere</strong></span> <span class='ocrx_word' id='word_1_710' title='bbox 2961 4178 3156 4246; x_wconf 83' lang='lat' dir='ltr'><strong>velint;</strong></span> <span class='ocrx_word' id='word_1_711' title='bbox 3202 4192 3259 4237; x_wconf 88' lang='lat' dir='ltr'><strong>et</strong></span> <span class='ocrx_word' id='word_1_712' title='bbox 3306 4186 3365 4237; x_wconf 83' lang='lat' dir='ltr'><strong>in</strong></span> <span class='ocrx_word' id='word_1_713' title='bbox 3410 4186 3567 4242; x_wconf 84' lang='lat' dir='ltr'><strong>hoste</strong></span> 
     </span>
    </p>
   </div>
   <div class='ocr_carea' id='block_1_87' title="bbox 1960 4262 3563 4350">
    <p class='ocr_par' dir='ltr' id='par_1_87' title="bbox 1960 4262 3563 4350">
     <span class='ocr_line' id='line_1_87' title="bbox 1960 4262 3563 4350; baseline 0.012 -35"><span class='ocrx_word' id='word_1_714' title='bbox 1960 4262 2218 4317; x_wconf 89' lang='lat' dir='ltr'><strong>virtutem</strong></span> <span class='ocrx_word' id='word_1_715' title='bbox 2254 4266 2541 4321; x_wconf 84' lang='lat' dir='ltr'><strong>mirantur.</strong></span> <span class='ocrx_word' id='word_1_716' title='bbox 2569 4267 2741 4324; x_wconf 80' lang='lat' dir='ltr'><strong>Tanta</strong></span> <span class='ocrx_word' id='word_1_717' title='bbox 2785 4279 2871 4326; x_wconf 83' lang='lat' dir='ltr'><strong>est</strong></span> <span class='ocrx_word' id='word_1_718' title='bbox 2918 4274 3064 4329; x_wconf 87' lang='lat' dir='ltr'><strong>enim</strong></span> <span class='ocrx_word' id='word_1_719' title='bbox 3115 4275 3332 4332; x_wconf 76' lang='lat' dir='ltr'><strong>virtutis</strong></span> <span class='ocrx_word' id='word_1_720' title='bbox 3369 4286 3563 4350; x_wconf 85' lang='lat' dir='ltr'><strong>gratia,</strong></span> 
     </span>
    </p>
   </div>
   <div class='ocr_carea' id='block_1_88' title="bbox 1963 4356 3565 4427">
    <p class='ocr_par' dir='ltr' id='par_1_88' title="bbox 1963 4356 3565 4427">
     <span class='ocr_line' id='line_1_88' title="bbox 1963 4356 3565 4427; baseline 0.012 -20"><span class='ocrx_word' id='word_1_721' title='bbox 1963 4363 2020 4408; x_wconf 92' lang='lat' dir='ltr'><strong>ut</strong></span> <span class='ocrx_word' id='word_1_722' title='bbox 2069 4356 2379 4426; x_wconf 85' lang='lat' dir='ltr'><strong>frequenter</strong></span> <span class='ocrx_word' id='word_1_723' title='bbox 2424 4360 2589 4415; x_wconf 88' lang='lat' dir='ltr'><strong>etiam</strong></span> <span class='ocrx_word' id='word_1_724' title='bbox 2637 4361 2849 4417; x_wconf 87' lang='lat' dir='ltr'><strong>hostem</strong></span> <span class='ocrx_word' id='word_1_725' title='bbox 2890 4363 3144 4420; x_wconf 88' lang='lat' dir='ltr'><strong>delectet.</strong></span> <span class='ocrx_word' id='word_1_726' title='bbox 3178 4368 3362 4424; x_wconf 77' lang='lat' dir='ltr'><strong>Nostis</strong></span> <span class='ocrx_word' id='word_1_727' title='bbox 3401 4374 3565 4427; x_wconf 87' lang='lat' dir='ltr'><strong>etiam</strong></span> 
     </span>
    </p>
   </div>
   <div class='ocr_carea' id='block_1_89' title="bbox 1963 4447 3568 4528">
    <p class='ocr_par' dir='ltr' id='par_1_89' title="bbox 1963 4447 3568 4528">
     <span class='ocr_line' id='line_1_89' title="bbox 1963 4447 3568 4528; baseline 0.012 -28"><span class='ocrx_word' id='word_1_728' title='bbox 1963 4447 2086 4516; x_wconf 87' lang='lat' dir='ltr'><strong>ipsi,</strong></span> <span class='ocrx_word' id='word_1_729' title='bbox 2137 4460 2344 4519; x_wconf 76' lang='lat' dir='ltr'><strong>quanta</strong></span> <span class='ocrx_word' id='word_1_730' title='bbox 2396 4452 2675 4507; x_wconf 83' lang='lat' dir='ltr'><strong>intulerint</strong></span> <span class='ocrx_word' id='word_1_731' title='bbox 2724 4456 2891 4510; x_wconf 75' lang='lat' dir='ltr'><strong>exitia</strong></span> <span class='ocrx_word' id='word_1_732' title='bbox 2939 4457 3237 4524; x_wconf 81' lang='lat' dir='ltr'><strong>Romanis,</strong></span> <span class='ocrx_word' id='word_1_733' title='bbox 3289 4465 3568 4528; x_wconf 82' lang='lat' dir='ltr'><strong>quomodo</strong></span> 
     </span>
    </p>
   </div>
   <div class='ocr_carea' id='block_1_90' title="bbox 1964 4542 3571 4621">
    <p class='ocr_par' dir='ltr' id='par_1_90' title="bbox 1964 4542 3571 4621">
     <span class='ocr_line' id='line_1_90' title="bbox 1964 4542 3571 4621; baseline 0.014 -30"><span class='ocrx_word' id='word_1_734' title='bbox 1964 4542 2198 4596; x_wconf 88' lang='lat' dir='ltr'><strong>victores</strong></span> <span class='ocrx_word' id='word_1_735' title='bbox 2225 4544 2465 4598; x_wconf 86' lang='lat' dir='ltr'><strong>omnium</strong></span> <span class='ocrx_word' id='word_1_736' title='bbox 2493 4546 2773 4614; x_wconf 89' lang='lat' dir='ltr'><strong>gentium,</strong></span> <span class='ocrx_word' id='word_1_737' title='bbox 2811 4548 3077 4620; x_wconf 75' lang='lat' dir='ltr'><strong>Jotaputa:</strong></span> <span class='ocrx_word' id='word_1_738' title='bbox 3124 4553 3376 4621; x_wconf 77' lang='lat' dir='ltr'><strong>ignobilis</strong></span> <span class='ocrx_word' id='word_1_739' title='bbox 3420 4557 3571 4614; x_wconf 77' lang='lat' dir='ltr'><strong>urbis</strong></span> 
     </span>
    </p>
   </div>
   <div class='ocr_carea' id='block_1_91' title="bbox 261 4631 3571 4714">
    <p class='ocr_par' dir='ltr' id='par_1_91' title="bbox 261 4631 3571 4714">
     <span class='ocr_line' id='line_1_91' title="bbox 261 4631 3571 4714; baseline 0.007 -32"><span class='ocrx_word' id='word_1_740' title='bbox 261 4657 384 4700; x_wconf 67' lang='grc' dir='ltr'>ειυς,</span> <span class='ocrx_word' id='word_1_741' title='bbox 410 4643 540 4698; x_wconf 50' lang='lat' dir='ltr'><strong>dicit</strong></span> <span class='ocrx_word' id='word_1_742' title='bbox 572 4659 584 4694; x_wconf 72' lang='grc' dir='ltr'>ε</span> <span class='ocrx_word' id='word_1_743' title='bbox 619 4640 765 4695; x_wconf 72' lang='grc' dir='ltr'><strong>Εάηο</strong></span> <span class='ocrx_word' id='word_1_744' title='bbox 811 4639 875 4693; x_wconf 76' lang='lat' dir='ltr'><strong>de</strong></span> <span class='ocrx_word' id='word_1_745' title='bbox 924 4636 1163 4692; x_wconf 55' lang='lat' dir='ltr'><strong>custodia</strong></span> <span class='ocrx_word' id='word_1_746' title='bbox 1207 4636 1437 4689; x_wconf 83' lang='lat' dir='ltr'><strong>animam</strong></span> <span class='ocrx_word' id='word_1_747' title='bbox 1466 4650 1633 4688; x_wconf 74' lang='lat' dir='ltr'><strong>meant</strong></span> <span class='ocrx_word' id='word_1_748' title='bbox 1662 4635 1679 4702; x_wconf 95' lang='lat'><strong>(</strong></span> <span class='ocrx_word' id='word_1_749' title='bbox 1709 4631 1858 4687; x_wconf 87' lang='lat' dir='ltr'><strong>Psal.</strong></span> <span class='ocrx_word' id='word_1_750' title='bbox 1888 4632 1944 4692; x_wconf 81' lang='lat' dir='ltr'><strong>D</strong></span> <span class='ocrx_word' id='word_1_751' title='bbox 1969 4636 2221 4691; x_wconf 81' lang='lat' dir='ltr'><strong>diuturna</strong></span> <span class='ocrx_word' id='word_1_752' title='bbox 2253 4637 2565 4705; x_wconf 86' lang='lat' dir='ltr'><strong>obsidione,</strong></span> <span class='ocrx_word' id='word_1_753' title='bbox 2599 4640 2668 4695; x_wconf 86' lang='lat' dir='ltr'><strong>ab</strong></span> <span class='ocrx_word' id='word_1_754' title='bbox 2692 4640 3200 4714; x_wconf 67' lang='lat' dir='ltr'><strong>Hierosolytnitanre</strong></span> <span class='ocrx_word' id='word_1_755' title='bbox 3239 4648 3386 4702; x_wconf 85' lang='lat' dir='ltr'><strong>urbis</strong></span> <span class='ocrx_word' id='word_1_756' title='bbox 3416 4650 3571 4706; x_wconf 78' lang='lat' dir='ltr'><strong>exei-</strong></span> 
     </span>
    </p>
   </div>
   <div class='ocr_carea' id='block_1_92' title="bbox 264 4725 1866 4808">
    <p class='ocr_par' dir='ltr' id='par_1_92' title="bbox 264 4725 1866 4808">
     <span class='ocr_line' id='line_1_92' title="bbox 264 4725 1866 4808; baseline -0.01 -13"><span class='ocrx_word' id='word_1_757' title='bbox 264 4755 411 4805; x_wconf 81' lang='lat' dir='ltr'><strong>cxu,</strong></span> <span class='ocrx_word' id='word_1_758' title='bbox 432 4737 511 4808; x_wconf 89' lang='lat'><strong>8).</strong></span> <span class='ocrx_word' id='word_1_759' title='bbox 546 4736 687 4791; x_wconf 82' lang='lat' dir='ltr'><strong>Petit</strong></span> <span class='ocrx_word' id='word_1_760' title='bbox 711 4733 943 4790; x_wconf 88' lang='lat' dir='ltr'><strong>evadere</strong></span> <span class='ocrx_word' id='word_1_761' title='bbox 976 4750 990 4786; x_wconf 87' lang='lat'><strong>:</strong></span> <span class='ocrx_word' id='word_1_762' title='bbox 1023 4731 1157 4801; x_wconf 89' lang='lat' dir='ltr'><strong>petit</strong></span> <span class='ocrx_word' id='word_1_763' title='bbox 1185 4745 1253 4785; x_wconf 81' lang='lat' dir='ltr'><strong>ex</strong></span> <span class='ocrx_word' id='word_1_764' title='bbox 1286 4730 1388 4784; x_wconf 81' lang='lat' dir='ltr'><strong>hoc</strong></span> <span class='ocrx_word' id='word_1_765' title='bbox 1431 4742 1665 4796; x_wconf 89' lang='lat' dir='ltr'><strong>corpore</strong></span> <span class='ocrx_word' id='word_1_766' title='bbox 1710 4725 1866 4796; x_wconf 84' lang='lat' dir='ltr'><strong>quasi</strong></span> 
     </span>
    </p>
   </div>
   <div class='ocr_carea' id='block_1_93' title="bbox 265 4822 1866 4901">
    <p class='ocr_par' dir='ltr' id='par_1_93' title="bbox 265 4822 1866 4901">
     <span class='ocr_line' id='line_1_93' title="bbox 265 4822 1866 4901; baseline -0.009 -15"><span class='ocrx_word' id='word_1_767' title='bbox 265 4832 332 4886; x_wconf 86' lang='lat' dir='ltr'><strong>de</strong></span> <span class='ocrx_word' id='word_1_768' title='bbox 353 4829 593 4901; x_wconf 78' lang='lat' dir='ltr'><strong>quodam</strong></span> <span class='ocrx_word' id='word_1_769' title='bbox 611 4827 827 4882; x_wconf 87' lang='lat' dir='ltr'><strong>liberari</strong></span> <span class='ocrx_word' id='word_1_770' title='bbox 850 4839 1071 4879; x_wconf 84' lang='lat' dir='ltr'><strong>carcere</strong></span> <span class='ocrx_word' id='word_1_771' title='bbox 1096 4842 1108 4876; x_wconf 91' lang='lat'><strong>:</strong></span> <span class='ocrx_word' id='word_1_772' title='bbox 1140 4822 1322 4877; x_wconf 86' lang='lat' dir='ltr'><strong>nullus</strong></span> <span class='ocrx_word' id='word_1_773' title='bbox 1352 4830 1531 4876; x_wconf 83' lang='lat' dir='ltr'><strong>tamen</strong></span> <span class='ocrx_word' id='word_1_774' title='bbox 1556 4828 1866 4873; x_wconf 81' lang='lat' dir='ltr'><strong>sanctorum</strong></span> 
     </span>
    </p>
   </div>
   <div class='ocr_carea' id='block_1_94' title="bbox 266 4911 1869 4988">
    <p class='ocr_par' dir='ltr' id='par_1_94' title="bbox 266 4911 1869 4988">
     <span class='ocr_line' id='line_1_94' title="bbox 266 4911 1869 4988; baseline -0.008 -10"><span class='ocrx_word' id='word_1_775' title='bbox 266 4938 457 4979; x_wconf 85' lang='lat' dir='ltr'><strong>necem</strong></span> <span class='ocrx_word' id='word_1_776' title='bbox 485 4921 590 4975; x_wconf 86' lang='lat' dir='ltr'><strong>sibi</strong></span> <span class='ocrx_word' id='word_1_777' title='bbox 626 4919 743 4988; x_wconf 89' lang='lat' dir='ltr'><strong>ipse</strong></span> <span class='ocrx_word' id='word_1_778' title='bbox 776 4925 1028 4988; x_wconf 86' lang='lat' dir='ltr'><strong>usurpat,</strong></span> <span class='ocrx_word' id='word_1_779' title='bbox 1062 4915 1243 4970; x_wconf 82' lang='lat' dir='ltr'><strong>nullus</strong></span> <span class='ocrx_word' id='word_1_780' title='bbox 1280 4913 1538 4982; x_wconf 65' lang='lat' dir='ltr'><strong>praaripit.</strong></span> <span class='ocrx_word' id='word_1_781' title='bbox 1566 4911 1625 4967; x_wconf 91' lang='lat' dir='ltr'><strong>Si</strong></span> <span class='ocrx_word' id='word_1_782' title='bbox 1656 4911 1869 4965; x_wconf 89' lang='lat' dir='ltr'><strong>lucrum</strong></span> 
     </span>
    </p>
   </div>
   <div class='ocr_carea' id='block_1_95' title="bbox 268 5005 1873 5079">
    <p class='ocr_par' dir='ltr' id='par_1_95' title="bbox 268 5005 1873 5079">
     <span class='ocr_line' id='line_1_95' title="bbox 268 5005 1873 5079; baseline -0.007 -8"><span class='ocrx_word' id='word_1_783' title='bbox 268 5027 351 5071; x_wconf 79' lang='lat' dir='ltr'><strong>est</strong></span> <span class='ocrx_word' id='word_1_784' title='bbox 376 5017 540 5078; x_wconf 86' lang='lat' dir='ltr'><strong>mori,</strong></span> <span class='ocrx_word' id='word_1_785' title='bbox 565 5014 765 5068; x_wconf 89' lang='lat' dir='ltr'><strong>furtum</strong></span> <span class='ocrx_word' id='word_1_786' title='bbox 797 5021 880 5067; x_wconf 90' lang='lat' dir='ltr'><strong>est</strong></span> <span class='ocrx_word' id='word_1_787' title='bbox 910 5024 1175 5079; x_wconf 86' lang='lat' dir='ltr'><strong>usurpare</strong></span> <span class='ocrx_word' id='word_1_788' title='bbox 1202 5018 1331 5063; x_wconf 88' lang='lat' dir='ltr'><strong>ante</strong></span> <span class='ocrx_word' id='word_1_789' title='bbox 1361 5017 1733 5074; x_wconf 70' lang='lat' dir='ltr'><strong>exapertatum</strong></span> <span class='ocrx_word' id='word_1_790' title='bbox 1771 5024 1782 5060; x_wconf 92' lang='lat'>:</span> <span class='ocrx_word' id='word_1_791' title='bbox 1815 5005 1873 5060; x_wconf 90' lang='lat' dir='ltr'><strong>Si</strong></span> 
     </span>
    </p>
   </div>
   <div class='ocr_carea' id='block_1_96' title="bbox 266 5098 1876 5171">
    <p class='ocr_par' dir='ltr' id='par_1_96' title="bbox 266 5098 1876 5171">
     <span class='ocr_line' id='line_1_96' title="bbox 266 5098 1876 5171; baseline -0.007 -7"><span class='ocrx_word' id='word_1_792' title='bbox 266 5108 470 5164; x_wconf 83' lang='lat' dir='ltr'><strong>bonum</strong></span> <span class='ocrx_word' id='word_1_793' title='bbox 501 5115 587 5161; x_wconf 86' lang='lat' dir='ltr'><strong>est</strong></span> <span class='ocrx_word' id='word_1_794' title='bbox 613 5105 795 5160; x_wconf 83' lang='lat' dir='ltr'><strong>vivere</strong></span> <span class='ocrx_word' id='word_1_795' title='bbox 819 5145 835 5168; x_wconf 93' lang='lat'><strong>,</strong></span> <span class='ocrx_word' id='word_1_796' title='bbox 870 5115 894 5143; x_wconf 75' lang='grc' dir='ltr'><strong>ο</strong></span> <span class='ocrx_word' id='word_1_797' title='bbox 924 5101 1270 5171; x_wconf 87' lang='lat' dir='ltr'><strong>sacrilegium</strong></span> <span class='ocrx_word' id='word_1_798' title='bbox 1313 5112 1397 5156; x_wconf 91' lang='lat' dir='ltr'><strong>est</strong></span> <span class='ocrx_word' id='word_1_799' title='bbox 1436 5098 1722 5168; x_wconf 87' lang='lat' dir='ltr'><strong>repudiare</strong></span> <span class='ocrx_word' id='word_1_800' title='bbox 1751 5107 1876 5155; x_wconf 85' lang='lat' dir='ltr'><strong>ante</strong></span> 
     </span>
    </p>
   </div>
   <div class='ocr_carea' id='block_1_97' title="bbox 269 5194 1874 5274">
    <p class='ocr_par' dir='ltr' id='par_1_97' title="bbox 269 5194 1874 5274">
     <span class='ocr_line' id='line_1_97' title="bbox 269 5194 1874 5274; baseline -0.005 -17"><span class='ocrx_word' id='word_1_801' title='bbox 269 5219 429 5274; x_wconf 89' lang='lat' dir='ltr'><strong>quam</strong></span> <span class='ocrx_word' id='word_1_802' title='bbox 482 5209 821 5270; x_wconf 76' lang='lat' dir='ltr'><strong>reposcatur.</strong></span> <span class='ocrx_word' id='word_1_803' title='bbox 870 5198 978 5254; x_wconf 88' lang='lat' dir='ltr'><strong>Sed</strong></span> <span class='ocrx_word' id='word_1_804' title='bbox 1034 5196 1331 5268; x_wconf 88' lang='lat' dir='ltr'><strong>gloriosum</strong></span> <span class='ocrx_word' id='word_1_805' title='bbox 1384 5196 1586 5264; x_wconf 88' lang='lat' dir='ltr'><strong>putatis</strong></span> <span class='ocrx_word' id='word_1_806' title='bbox 1635 5196 1687 5248; x_wconf 91' lang='lat' dir='ltr'><strong>in</strong></span> <span class='ocrx_word' id='word_1_807' title='bbox 1731 5194 1874 5249; x_wconf 89' lang='lat' dir='ltr'><strong>bello</strong></span> 
     </span>
    </p>
   </div>
   <div class='ocr_carea' id='block_1_98' title="bbox 272 5288 1873 5364">
    <p class='ocr_par' dir='ltr' id='par_1_98' title="bbox 272 5288 1873 5364">
     <span class='ocr_line' id='line_1_98' title="bbox 272 5288 1873 5364; baseline -0.007 -11"><span class='ocrx_word' id='word_1_808' title='bbox 272 5297 446 5353; x_wconf 79' lang='lat' dir='ltr'><strong>mori?</strong></span> <span class='ocrx_word' id='word_1_809' title='bbox 470 5295 581 5350; x_wconf 83' lang='lat' dir='ltr'><strong>Nec</strong></span> <span class='ocrx_word' id='word_1_810' title='bbox 607 5309 711 5364; x_wconf 88' lang='lat' dir='ltr'><strong>ego</strong></span> <span class='ocrx_word' id='word_1_811' title='bbox 734 5296 913 5347; x_wconf 80' lang='lat' dir='ltr'><strong>atumo</strong></span> <span class='ocrx_word' id='word_1_812' title='bbox 944 5292 1142 5345; x_wconf 90' lang='lat' dir='ltr'><strong>bonum</strong></span> <span class='ocrx_word' id='word_1_813' title='bbox 1166 5305 1287 5344; x_wconf 88' lang='lat' dir='ltr'><strong>esse</strong></span> <span class='ocrx_word' id='word_1_814' title='bbox 1318 5304 1418 5357; x_wconf 88' lang='lat' dir='ltr'><strong>pro</strong></span> <span class='ocrx_word' id='word_1_815' title='bbox 1450 5289 1640 5358; x_wconf 86' lang='lat' dir='ltr'><strong>patria,</strong></span> <span class='ocrx_word' id='word_1_816' title='bbox 1675 5288 1873 5341; x_wconf 89' lang='lat' dir='ltr'><strong>bonum</strong></span> 
     </span>
    </p>
   </div>
   <div class='ocr_carea' id='block_1_99' title="bbox 275 5378 1875 5459">
    <p class='ocr_par' dir='ltr' id='par_1_99' title="bbox 275 5378 1875 5459">
     <span class='ocr_line' id='line_1_99' title="bbox 275 5378 1875 5459; baseline -0.007 -15"><span class='ocrx_word' id='word_1_817' title='bbox 275 5406 371 5459; x_wconf 89' lang='lat' dir='ltr'><strong>pro</strong></span> <span class='ocrx_word' id='word_1_818' title='bbox 398 5386 611 5443; x_wconf 71' lang='lat' dir='ltr'><strong>civibus</strong></span> <span class='ocrx_word' id='word_1_819' title='bbox 642 5388 693 5438; x_wconf 84' lang='lat' dir='ltr'><strong>in</strong></span> <span class='ocrx_word' id='word_1_820' title='bbox 716 5384 863 5441; x_wconf 84' lang='lat' dir='ltr'><strong>bello</strong></span> <span class='ocrx_word' id='word_1_821' title='bbox 891 5384 1051 5438; x_wconf 88' lang='lat' dir='ltr'><strong>mori.</strong></span> <span class='ocrx_word' id='word_1_822' title='bbox 1074 5380 1180 5437; x_wconf 89' lang='lat' dir='ltr'><strong>Sed</strong></span> <span class='ocrx_word' id='word_1_823' title='bbox 1204 5379 1331 5435; x_wconf 86' lang='lat' dir='ltr'><strong>belli</strong></span> <span class='ocrx_word' id='word_1_824' title='bbox 1375 5380 1493 5450; x_wconf 91' lang='lat' dir='ltr'><strong>lege</strong></span> <span class='ocrx_word' id='word_1_825' title='bbox 1519 5378 1690 5433; x_wconf 80' lang='lat' dir='ltr'><strong>ofiero</strong></span> <span class='ocrx_word' id='word_1_826' title='bbox 1716 5379 1875 5448; x_wconf 87' lang='lat' dir='ltr'><strong>jugu-</strong></span> 
     </span>
    </p>
   </div>
   <div class='ocr_carea' id='block_1_100' title="bbox 274 5471 1876 5547">
    <p class='ocr_par' dir='ltr' id='par_1_100' title="bbox 274 5471 1876 5547">
     <span class='ocr_line' id='line_1_100' title="bbox 274 5471 1876 5547; baseline -0.006 -11"><span class='ocrx_word' id='word_1_827' title='bbox 274 5481 408 5547; x_wconf 86' lang='lat' dir='ltr'><strong>lum,</strong></span> <span class='ocrx_word' id='word_1_828' title='bbox 447 5479 493 5534; x_wconf 86' lang='lat' dir='ltr'><strong>si</strong></span> <span class='ocrx_word' id='word_1_829' title='bbox 543 5478 716 5533; x_wconf 87' lang='lat' dir='ltr'><strong>hostis</strong></span> <span class='ocrx_word' id='word_1_830' title='bbox 749 5485 897 5547; x_wconf 86' lang='lat' dir='ltr'><strong>petat</strong></span> <span class='ocrx_word' id='word_1_831' title='bbox 928 5493 940 5530; x_wconf 89' lang='lat'><strong>:</strong></span> <span class='ocrx_word' id='word_1_832' title='bbox 971 5475 1017 5530; x_wconf 87' lang='lat' dir='ltr'><strong>si</strong></span> <span class='ocrx_word' id='word_1_833' title='bbox 1057 5487 1370 5529; x_wconf 87' lang='lat' dir='ltr'><strong>mucronem</strong></span> <span class='ocrx_word' id='word_1_834' title='bbox 1412 5471 1730 5541; x_wconf 83' lang='lat' dir='ltr'><strong>demergant</strong></span> <span class='ocrx_word' id='word_1_835' title='bbox 1766 5471 1876 5526; x_wconf 78' lang='lat' dir='ltr'><strong>Ro-</strong></span> 
     </span>
    </p>
   </div>
   <div class='ocr_carea' id='block_1_101' title="bbox 276 5563 1875 5643">
    <p class='ocr_par' dir='ltr' id='par_1_101' title="bbox 276 5563 1875 5643">
     <span class='ocr_line' id='line_1_101' title="bbox 276 5563 1875 5643; baseline -0.005 -15"><span class='ocrx_word' id='word_1_836' title='bbox 276 5575 420 5628; x_wconf 84' lang='lat' dir='ltr'><strong>niani</strong></span> <span class='ocrx_word' id='word_1_837' title='bbox 436 5615 453 5640; x_wconf 97' lang='lat'><strong>,</strong></span> <span class='ocrx_word' id='word_1_838' title='bbox 482 5572 681 5643; x_wconf 75' lang='lat' dir='ltr'><strong>quibus</strong></span> <span class='ocrx_word' id='word_1_839' title='bbox 701 5571 771 5627; x_wconf 90' lang='lat' dir='ltr'><strong>de</strong></span> <span class='ocrx_word' id='word_1_840' title='bbox 800 5569 961 5626; x_wconf 80' lang='lat' dir='ltr'><strong>nobis</strong></span> <span class='ocrx_word' id='word_1_841' title='bbox 983 5569 1128 5626; x_wconf 89' lang='lat' dir='ltr'><strong>Deus</strong></span> <span class='ocrx_word' id='word_1_842' title='bbox 1158 5565 1437 5622; x_wconf 82' lang='lat' dir='ltr'><strong>victoriam</strong></span> <span class='ocrx_word' id='word_1_843' title='bbox 1461 5564 1614 5621; x_wconf 85' lang='lat' dir='ltr'><strong>dedit</strong></span> <span class='ocrx_word' id='word_1_844' title='bbox 1636 5604 1652 5629; x_wconf 91' lang='lat'><strong>,</strong></span> <span class='ocrx_word' id='word_1_845' title='bbox 1676 5563 1875 5634; x_wconf 83' lang='lat' dir='ltr'><strong>quibus</strong></span> 
     </span>
    </p>
   </div>
   <div class='ocr_carea' id='block_1_102' title="bbox 349 5702 661 5767">
    <p class='ocr_par' dir='ltr' id='par_1_102' title="bbox 349 5702 661 5767">
     <span class='ocr_line' id='line_1_102' title="bbox 349 5702 661 5767; baseline -0.006 -1"><span class='ocrx_word' id='word_1_846' title='bbox 349 5722 375 5750; x_wconf 74' lang='grc' dir='ltr'><strong>ι</strong></span> <span class='ocrx_word' id='word_1_847' title='bbox 400 5702 560 5766; x_wconf 78' lang='lat' dir='ltr'><strong>Viro.</strong></span> <span class='ocrx_word' id='word_1_848' title='bbox 583 5712 661 5767; x_wconf 82' lang='lat' dir='ltr'><strong>In.</strong></span> 
     </span>
    </p>
   </div>
   <div class='ocr_carea' id='block_1_103' title="bbox 348 5780 1090 5854">
    <p class='ocr_par' dir='ltr' id='par_1_103' title="bbox 348 5780 1090 5854">
     <span class='ocr_line' id='line_1_103' title="bbox 348 5780 1090 5854; baseline -0.001 -18"><span class='ocrx_word' id='word_1_849' title='bbox 348 5782 377 5821; x_wconf 74' lang='grc' dir='ltr'>ι’</span> <span class='ocrx_word' id='word_1_850' title='bbox 405 5781 678 5854; x_wconf 82' lang='lat' dir='ltr'><strong>Numquid</strong></span> <span class='ocrx_word' id='word_1_851' title='bbox 700 5798 799 5837; x_wconf 87' lang='lat' dir='ltr'><strong>non</strong></span> <span class='ocrx_word' id='word_1_852' title='bbox 821 5784 984 5837; x_wconf 80' lang='lat' dir='ltr'><strong>breve.</strong></span> <span class='ocrx_word' id='word_1_853' title='bbox 1012 5780 1090 5836; x_wconf 78' lang='lat' dir='ltr'><strong>In.</strong></span> 
     </span>
    </p>
   </div>
   <div class='ocr_carea' id='block_1_104' title="bbox 357 5853 865 5924">
    <p class='ocr_par' dir='ltr' id='par_1_104' title="bbox 357 5853 865 5924">
     <span class='ocr_line' id='line_1_104' title="bbox 357 5853 865 5924; baseline -0.002 -15"><span class='ocrx_word' id='word_1_854' title='bbox 357 5863 380 5892; x_wconf 73' lang='grc' dir='ltr'><strong>ο</strong></span> <span class='ocrx_word' id='word_1_855' title='bbox 412 5853 760 5924; x_wconf 75' lang='lat' dir='ltr'><strong>Sacrilegum.</strong></span> <span class='ocrx_word' id='word_1_856' title='bbox 792 5855 865 5908; x_wconf 81' lang='lat' dir='ltr'><strong>In.</strong></span> 
     </span>
    </p>
   </div>
   <div class='ocr_carea' id='block_1_105' title="bbox 1968 4729 3571 4799">
    <p class='ocr_par' dir='ltr' id='par_1_105' title="bbox 1968 4729 3571 4799">
     <span class='ocr_line' id='line_1_105' title="bbox 1968 4729 3571 4799; baseline 0.011 -17"><span class='ocrx_word' id='word_1_857' title='bbox 1968 4729 2058 4783; x_wconf 92' lang='lat' dir='ltr'><strong>dio</strong></span> <span class='ocrx_word' id='word_1_858' title='bbox 2113 4730 2424 4784; x_wconf 88' lang='lat' dir='ltr'><strong>averterim.</strong></span> <span class='ocrx_word' id='word_1_859' title='bbox 2497 4730 2661 4787; x_wconf 87' lang='lat' dir='ltr'><strong>Brevi</strong></span> <span class='ocrx_word' id='word_1_860' title='bbox 2728 4733 2929 4790; x_wconf 89' lang='lat' dir='ltr'><strong>damno</strong></span> <span class='ocrx_word' id='word_1_861' title='bbox 2987 4737 3152 4793; x_wconf 77' lang='lat' dir='ltr'><strong>totius</strong></span> <span class='ocrx_word' id='word_1_862' title='bbox 3210 4738 3347 4795; x_wconf 83' lang='lat' dir='ltr'><strong>belli</strong></span> <span class='ocrx_word' id='word_1_863' title='bbox 3395 4746 3571 4799; x_wconf 78' lang='lat' dir='ltr'><strong>aleam</strong></span> 
     </span>
    </p>
   </div>
   <div class='ocr_carea' id='block_1_106' title="bbox 1972 4822 3573 4903">
    <p class='ocr_par' dir='ltr' id='par_1_106' title="bbox 1972 4822 3573 4903">
     <span class='ocr_line' id='line_1_106' title="bbox 1972 4822 3573 4903; baseline 0.01 -27"><span class='ocrx_word' id='word_1_864' title='bbox 1972 4822 2094 4876; x_wconf 89' lang='lat' dir='ltr'><strong>lusi.</strong></span> <span class='ocrx_word' id='word_1_865' title='bbox 2156 4822 2476 4878; x_wconf 81' lang='lat' dir='ltr'><strong>llidiccrunt</strong></span> <span class='ocrx_word' id='word_1_866' title='bbox 2511 4826 2695 4881; x_wconf 67' lang='lat' dir='ltr'><strong>caeteri</strong></span> <span class='ocrx_word' id='word_1_867' title='bbox 2721 4842 2843 4883; x_wconf 88' lang='lat' dir='ltr'><strong>meo</strong></span> <span class='ocrx_word' id='word_1_868' title='bbox 2871 4830 3111 4897; x_wconf 79' lang='lat' dir='ltr'><strong>periculo</strong></span> <span class='ocrx_word' id='word_1_869' title='bbox 3140 4848 3335 4902; x_wconf 76' lang='lat' dir='ltr'><strong>pacem</strong></span> <span class='ocrx_word' id='word_1_870' title='bbox 3363 4844 3573 4903; x_wconf 61' lang='lat' dir='ltr'><strong>mutaret</strong></span> 
     </span>
    </p>
   </div>
   <div class='ocr_carea' id='block_1_107' title="bbox 1974 4913 3578 4986">
    <p class='ocr_par' dir='ltr' id='par_1_107' title="bbox 1974 4913 3578 4986">
     <span class='ocr_line' id='line_1_107' title="bbox 1974 4913 3578 4986; baseline 0.01 -18"><span class='ocrx_word' id='word_1_871' title='bbox 1974 4913 2246 4969; x_wconf 82' lang='lat' dir='ltr'><strong>Fortassis</strong></span> <span class='ocrx_word' id='word_1_872' title='bbox 2290 4914 2357 4970; x_wconf 84' lang='lat' dir='ltr'><strong>ad</strong></span> <span class='ocrx_word' id='word_1_873' title='bbox 2384 4920 2485 4971; x_wconf 81' lang='lat' dir='ltr'><strong>hoc</strong></span> <span class='ocrx_word' id='word_1_874' title='bbox 2530 4933 2894 4986; x_wconf 82' lang='lat' dir='ltr'><strong>reservamur,</strong></span> <span class='ocrx_word' id='word_1_875' title='bbox 2939 4933 2992 4976; x_wconf 83' lang='grc' dir='ltr'><strong>ιιι</strong></span> <span class='ocrx_word' id='word_1_876' title='bbox 3045 4939 3151 4979; x_wconf 88' lang='lat' dir='ltr'><strong>non</strong></span> <span class='ocrx_word' id='word_1_877' title='bbox 3202 4924 3578 4985; x_wconf 77' lang='lat' dir='ltr'><strong>deterreantur</strong></span> 
     </span>
    </p>
   </div>
   <div class='ocr_carea' id='block_1_108' title="bbox 1974 5009 3577 5079">
    <p class='ocr_par' dir='ltr' id='par_1_108' title="bbox 1974 5009 3577 5079">
     <span class='ocr_line' id='line_1_108' title="bbox 1974 5009 3577 5079; baseline 0.009 -16"><span class='ocrx_word' id='word_1_878' title='bbox 1974 5010 2183 5078; x_wconf 66' lang='lat' dir='ltr'><strong>caeteri,</strong></span> <span class='ocrx_word' id='word_1_879' title='bbox 2226 5009 2319 5063; x_wconf 85' lang='lat' dir='ltr'><strong>sed</strong></span> <span class='ocrx_word' id='word_1_880' title='bbox 2369 5021 2750 5079; x_wconf 85' lang='lat' dir='ltr'><strong>provoceutur.</strong></span> <span class='ocrx_word' id='word_1_881' title='bbox 2802 5013 2909 5070; x_wconf 87' lang='lat' dir='ltr'><strong>Sed</strong></span> <span class='ocrx_word' id='word_1_882' title='bbox 2956 5030 3124 5071; x_wconf 85' lang='lat' dir='ltr'><strong>suave</strong></span> <span class='ocrx_word' id='word_1_883' title='bbox 3169 5020 3411 5076; x_wconf 76' lang='lat' dir='ltr'><strong>asseritis</strong></span> <span class='ocrx_word' id='word_1_884' title='bbox 3437 5023 3577 5078; x_wconf 84' lang='lat' dir='ltr'><strong>mori</strong></span> 
     </span>
    </p>
   </div>
   <div class='ocr_carea' id='block_1_109' title="bbox 1980 5098 3578 5174">
    <p class='ocr_par' dir='ltr' id='par_1_109' title="bbox 1980 5098 3578 5174">
     <span class='ocr_line' id='line_1_109' title="bbox 1980 5098 3578 5174; baseline 0.011 -22"><span class='ocrx_word' id='word_1_885' title='bbox 1980 5114 2089 5169; x_wconf 90' lang='lat' dir='ltr'><strong>pro</strong></span> <span class='ocrx_word' id='word_1_886' title='bbox 2126 5098 2395 5156; x_wconf 83' lang='lat' dir='ltr'><strong>libertate.</strong></span> <span class='ocrx_word' id='word_1_887' title='bbox 2454 5101 2589 5169; x_wconf 82' lang='lat' dir='ltr'><strong>Quis</strong></span> <span class='ocrx_word' id='word_1_888' title='bbox 2650 5114 2808 5174; x_wconf 78' lang='lat' dir='ltr'><strong>negat</strong></span> <span class='ocrx_word' id='word_1_889' title='bbox 2860 5117 2914 5160; x_wconf 92' lang='lat' dir='ltr'><strong>et</strong></span> <span class='ocrx_word' id='word_1_890' title='bbox 2970 5107 3141 5163; x_wconf 81' lang='lat' dir='ltr'><strong>illud?</strong></span> <span class='ocrx_word' id='word_1_891' title='bbox 3181 5120 3369 5167; x_wconf 63' lang='lat' dir='ltr'><strong>tamen</strong></span> <span class='ocrx_word' id='word_1_892' title='bbox 3419 5115 3578 5171; x_wconf 77' lang='lat' dir='ltr'><strong>dulce</strong></span> 
     </span>
    </p>
   </div>
   <div class='ocr_carea' id='block_1_110' title="bbox 1982 5193 3578 5276">
    <p class='ocr_par' dir='ltr' id='par_1_110' title="bbox 1982 5193 3578 5276">
     <span class='ocr_line' id='line_1_110' title="bbox 1982 5193 3578 5276; baseline 0.014 -32"><span class='ocrx_word' id='word_1_893' title='bbox 1982 5193 2166 5248; x_wconf 88' lang='lat' dir='ltr'><strong>vivere</strong></span> <span class='ocrx_word' id='word_1_894' title='bbox 2220 5207 2323 5262; x_wconf 89' lang='lat' dir='ltr'><strong>pro</strong></span> <span class='ocrx_word' id='word_1_895' title='bbox 2370 5194 2643 5251; x_wconf 86' lang='lat' dir='ltr'><strong>libertate.</strong></span> <span class='ocrx_word' id='word_1_896' title='bbox 2713 5198 2851 5252; x_wconf 76' lang='lat' dir='ltr'><strong>Nam.</strong></span> <span class='ocrx_word' id='word_1_897' title='bbox 2901 5201 2994 5269; x_wconf 87' lang='lat' dir='ltr'><strong>qui</strong></span> <span class='ocrx_word' id='word_1_898' title='bbox 3047 5202 3343 5260; x_wconf 71' lang='lat' dir='ltr'><strong>antieitiam</strong></span> <span class='ocrx_word' id='word_1_899' title='bbox 3373 5208 3578 5276; x_wconf 80' lang='lat' dir='ltr'><strong>oti‘ert,</strong></span> 
     </span>
    </p>
   </div>
   <div class='ocr_carea' id='block_1_111' title="bbox 1978 5285 3574 5371">
    <p class='ocr_par' dir='ltr' id='par_1_111' title="bbox 1978 5285 3574 5371">
     <span class='ocr_line' id='line_1_111' title="bbox 1978 5285 3574 5371; baseline 0.013 -31"><span class='ocrx_word' id='word_1_900' title='bbox 1978 5285 2288 5344; x_wconf 88' lang='lat' dir='ltr'><strong>libertatem</strong></span> <span class='ocrx_word' id='word_1_901' title='bbox 2332 5293 2619 5360; x_wconf 89' lang='lat' dir='ltr'><strong>promittit.</strong></span> <span class='ocrx_word' id='word_1_902' title='bbox 2681 5294 2837 5362; x_wconf 84' lang='lat' dir='ltr'><strong>Quod</strong></span> <span class='ocrx_word' id='word_1_903' title='bbox 2868 5298 2913 5351; x_wconf 89' lang='lat' dir='ltr'><strong>si</strong></span> <span class='ocrx_word' id='word_1_904' title='bbox 2962 5300 3285 5356; x_wconf 75' lang='lat' dir='ltr'><strong>servitutem</strong></span> <span class='ocrx_word' id='word_1_905' title='bbox 3337 5304 3574 5371; x_wconf 88' lang='lat' dir='ltr'><strong>inferat,</strong></span> 
     </span>
    </p>
   </div>
   <div class='ocr_carea' id='block_1_112' title="bbox 1980 5381 3584 5465">
    <p class='ocr_par' dir='ltr' id='par_1_112' title="bbox 1980 5381 3584 5465">
     <span class='ocr_line' id='line_1_112' title="bbox 1980 5381 3584 5465; baseline 0.014 -32"><span class='ocrx_word' id='word_1_906' title='bbox 1980 5388 2108 5435; x_wconf 91' lang='lat' dir='ltr'><strong>tunc</strong></span> <span class='ocrx_word' id='word_1_907' title='bbox 2145 5381 2249 5436; x_wconf 86' lang='lat' dir='ltr'><strong>erit</strong></span> <span class='ocrx_word' id='word_1_908' title='bbox 2290 5392 2441 5445; x_wconf 80' lang='lat' dir='ltr'><strong>certe</strong></span> <span class='ocrx_word' id='word_1_909' title='bbox 2485 5391 2849 5457; x_wconf 80' lang='lat' dir='ltr'><strong>opportunior</strong></span> <span class='ocrx_word' id='word_1_910' title='bbox 2893 5394 3161 5449; x_wconf 86' lang='lat' dir='ltr'><strong>moriendi</strong></span> <span class='ocrx_word' id='word_1_911' title='bbox 3211 5398 3491 5465; x_wconf 77' lang='lat' dir='ltr'><strong>voluntas,</strong></span> <span class='ocrx_word' id='word_1_912' title='bbox 3530 5400 3584 5456; x_wconf 85' lang='lat' dir='ltr'><strong>si</strong></span> 
     </span>
    </p>
   </div>
   <div class='ocr_carea' id='block_1_113' title="bbox 1980 5475 3574 5556">
    <p class='ocr_par' dir='ltr' id='par_1_113' title="bbox 1980 5475 3574 5556">
     <span class='ocr_line' id='line_1_113' title="bbox 1980 5475 3574 5556; baseline 0.013 -31"><span class='ocrx_word' id='word_1_913' title='bbox 1980 5475 2286 5541; x_wconf 84' lang='lat' dir='ltr'><strong>oportuerit</strong></span> <span class='ocrx_word' id='word_1_914' title='bbox 2354 5478 2489 5531; x_wconf 83' lang='lat' dir='ltr'><strong>mori</strong></span> <span class='ocrx_word' id='word_1_915' title='bbox 2551 5496 2565 5532; x_wconf 88' lang='lat'><strong>:</strong></span> <span class='ocrx_word' id='word_1_916' title='bbox 2619 5479 2772 5535; x_wconf 78' lang='lat' dir='ltr'><strong>Nunc</strong></span> <span class='ocrx_word' id='word_1_917' title='bbox 2832 5494 3019 5539; x_wconf 80' lang='lat' dir='ltr'><strong>autem</strong></span> <span class='ocrx_word' id='word_1_918' title='bbox 3069 5487 3237 5542; x_wconf 85' lang='lat' dir='ltr'><strong>vitam</strong></span> <span class='ocrx_word' id='word_1_919' title='bbox 3301 5488 3574 5556; x_wconf 73' lang='lat' dir='ltr'><strong>offerunt;</strong></span> 
     </span>
    </p>
   </div>
   <div class='ocr_carea' id='block_1_114' title="bbox 1981 5566 3575 5653">
    <p class='ocr_par' dir='ltr' id='par_1_114' title="bbox 1981 5566 3575 5653">
     <span class='ocr_line' id='line_1_114' title="bbox 1981 5566 3575 5653; baseline 0.013 -33"><span class='ocrx_word' id='word_1_920' title='bbox 1981 5566 2177 5622; x_wconf 89' lang='lat' dir='ltr'><strong>nolunt</strong></span> <span class='ocrx_word' id='word_1_921' title='bbox 2216 5567 2492 5626; x_wconf 80' lang='lat' dir='ltr'><strong>occidere.</strong></span> <span class='ocrx_word' id='word_1_922' title='bbox 2543 5570 2791 5630; x_wconf 81' lang='lat' dir='ltr'><strong>Timidus</strong></span> <span class='ocrx_word' id='word_1_923' title='bbox 2829 5586 3016 5634; x_wconf 69' lang='lat' dir='ltr'><strong>autem</strong></span> <span class='ocrx_word' id='word_1_924' title='bbox 3064 5587 3184 5646; x_wconf 87' lang='lat' dir='ltr'><strong>est,</strong></span> <span class='ocrx_word' id='word_1_925' title='bbox 3227 5590 3280 5636; x_wconf 91' lang='lat' dir='ltr'><strong>et</strong></span> <span class='ocrx_word' id='word_1_926' title='bbox 3332 5583 3422 5653; x_wconf 78' lang='lat' dir='ltr'><strong>qui</strong></span> <span class='ocrx_word' id='word_1_927' title='bbox 3465 5596 3575 5641; x_wconf 91' lang='lat' dir='ltr'><strong>nou</strong></span> 
     </span>
    </p>
   </div>
   <div class='ocr_carea' id='block_1_115' title="bbox 2050 5700 2496 5767">
    <p class='ocr_par' dir='ltr' id='par_1_115' title="bbox 2050 5700 2496 5767">
     <span class='ocr_line' id='line_1_115' title="bbox 2050 5700 2496 5767; baseline 0.004 -9"><span class='ocrx_word' id='word_1_928' title='bbox 2050 5700 2077 5740; x_wconf 74' lang='grc' dir='ltr'><strong><em>ἀ</em></strong></span> <span class='ocrx_word' id='word_1_929' title='bbox 2101 5701 2168 5767; x_wconf 72' lang='lat' dir='ltr'><strong>In</strong></span> <span class='ocrx_word' id='word_1_930' title='bbox 2197 5719 2395 5767; x_wconf 71' lang='lat' dir='ltr'><strong>omnes.</strong></span> <span class='ocrx_word' id='word_1_931' title='bbox 2417 5705 2496 5761; x_wconf 80' lang='lat' dir='ltr'><strong>In.</strong></span> 
     </span>
    </p>
   </div>
   <div class='ocr_carea' id='block_1_116' title="bbox 2059 5756 2985 5851">
    <p class='ocr_par' dir='ltr' id='par_1_116' title="bbox 2059 5756 2985 5851">
     <span class='ocr_line' id='line_1_116' title="bbox 2059 5756 2985 5851; baseline 0.01 -21"><span class='ocrx_word' id='word_1_932' title='bbox 2059 5783 2082 5811; x_wconf 72' lang='grc' dir='ltr'><strong>ο</strong></span> <span class='ocrx_word' id='word_1_933' title='bbox 2112 5756 2613 5847; x_wconf 58' lang='grc' dir='ltr'><strong>ἰᾲὲέῗρἇὲέιῖᾶἱ.....</strong></span> <span class='ocrx_word' id='word_1_934' title='bbox 2644 5796 2873 5851; x_wconf 83' lang='lat' dir='ltr'><strong>parcam.</strong></span> <span class='ocrx_word' id='word_1_935' title='bbox 2910 5782 2985 5839; x_wconf 85' lang='lat' dir='ltr'><strong>in.</strong></span> 
     </span>
    </p>
   </div>
  </div>
