3964 6356
523 299 667 361 2087

1876 299 2124 360 SANC'I'I
2163 299 2484 361 AMBROSII

3680 302 3822 362 2088

523 423 641 477 vult
695 421 832 478 mori
879 419 1099 492 quando
1146 424 1400 491 oportet;
1451 426 1507 473 et
1559 418 1649 490 qui
1701 393 1851 485 vult,
1897 419 2113 489 quando
2141 422 2188 481 Α
2219 420 2290 473 sit
2333 419 2488 475 nobis
2528 418 2979 484 custodiendum.
3010 421 3186 490 quoad
3235 417 3338 490 ipsi
3386 417 3607 490 placeat
3655 434 3820 488 repo-

523 533 629 572 non
677 524 911 587 Oportet.
960 515 1094 582 Quis
1143 514 1288 568 enim
1343 514 1554 583 ignorat
1584 512 1803 569 feminae
1857 515 2113 568 timidita-

525 611 593 665 tis
640 626 796 675 esse,
851 619 902 663 et
933 607 1216 662 muliebris
1257 614 1282 643 ⁸
1326 605 1690 671 fortitudinis,
1724 622 1794 662 ne
1837 607 2108 673 moriare,

525 703 660 756 mori
712 701 890 756 velle?
921 700 1163 771 Denique
1196 698 1402 769 pavida:
1431 699 1686 754 nudieres
1712 740 1726 765 ,
1776 698 1864 752 ubi
1893 698 2111 768 aliquod

521 797 806 852 imminere
861 795 962 849 sibi
1013 794 1308 864 periculum
1367 794 1760 865 cognoverint,
1812 793 1992 848 solent
2050 807 2111 848 se

518 889 819 961 praecipitio
850 888 1000 944 dare.
1055 889 1280 960 Augusti
1313 887 1458 944 enim
1491 887 1655 942 animi
1689 887 1885 942 molem
1919 886 2108 941 formi-

514 984 681 1046 dinis,
734 990 789 1037 et
833 991 1033 1038 metum
1091 982 1282 1036 mortis
1337 982 1606 1036 sustinere
1658 988 1952 1050 nequeunt.
2013 977 2110 1032 Vir

516 1085 697 1132 autem
730 1077 978 1146 patiens,
1019 1075 1110 1145 qui
1163 1075 1453 1145 praesentia
1504 1089 1610 1128 non
1663 1073 1821 1128 timet
1848 1084 1900 1126 et
1925 1070 2108 1126 futura

513 1167 735 1239 cogitat,
762 1166 935 1222 nescit
983 1165 1276 1236 trepidare,
1325 1166 1415 1222 ubi
1471 1181 1576 1221 non
1614 1174 1699 1221 est
1729 1166 1916 1224 timor.
1946 1163 2111 1218 Deni-

513 1277 620 1333 que
649 1261 911 1331 scriptum
935 1269 1018 1317 est
1035 1261 1203 1331 ,-quia
1226 1262 1415 1316 anima:
1441 1260 1858 1328 effeminatorum
1881 1260 2109 1314 esurient

513 1354 710 1426 (Prov.
763 1371 913 1420 xvm,
955 1355 1046 1426 8),
1071 1372 1190 1425 qua:
1217 1356 1396 1411 cibum
1423 1356 1605 1426 utique
1637 1355 1857 1410 virtutis
1879 1371 1987 1409 non
2012 1354 2108 1408 ha~

511 1447 706 1503 bentes
744 1447 1027 1503 esuriunt:
1059 1446 1290 1518 ideoque
1337 1447 1405 1501 ad
1457 1455 1686 1502 mortem
1737 1457 1864 1502 ante
1895 1457 2109 1518 tempus

511 1539 785 1594 festinant.
813 1537 999 1610 Neque
1017 1540 1161 1595 enim
1200 1541 1438 1612 repletus
1460 1540 1582 1594 cibo
1607 1540 1796 1611 gratia:
1825 1541 2106 1609 spiritalis,

507 1635 612 1691 sibi
643 1636 743 1706 ipsi
774 1651 969 1690 manus
997 1637 1224 1707 irrogat,
1257 1651 1378 1691 cum
1412 1636 1673 1704 scriptum
1715 1633 1788 1688 sit
1817 1651 1831 1688 :
1866 1633 2004 1702 Quia
2051 1649 2109 1687 οε

511 1730 854 1798 imprudentis
910 1739 1126 1783 mortem
1165 1731 1387 1784 invocat.
1432 1728 1500 1783 Et
1526 1729 1723 1783 iterum
1771 1727 2110 1797 dicitScrip—

510 1827 564 1874 tu
573 1836 625 1874 ra
662 1836 676 1874 :

513 1911 541 1952 ιι
579 1919 739 1985 frater
765 1925 840 1970 est
889 1917 1000 1986 ejus
1050 1916 1138 1985 qui
1167 1931 1221 1968 se
1249 1915 1418 1984 ipsum
1450 1914 1758 1968 exterminat
1785 1912 1952 1986 (Ibid.
1975 1955 1991 1981 ,
2021 1912 2101 1982 9).

507 2004 911 2062 Condemnatur
955 2022 1087 2078 ergo
1114 2007 1203 2078 qui
1237 2022 1297 2063 se
1347 2006 1524 2076 ipsum
1578 2006 1932 2078 percusserit.
1962 2005 2106 2073 Quid

506 2100 653 2155 enim
704 2109 810 2155 tam
847 2112 1033 2156 contra
1088 2103 1260 2172 legem
1303 2101 1544 2157 naturaz?
1575 2100 1714 2168 Quid
1771 2101 1936 2156 etiam
1994 2109 2102 2154 tam

504 2201 694 2248 contra
751 2203 999 2250 naturam
1029 2196 1270 2250 omnium
1326 2195 1720 2250 animantium?
1769 2193 2106 2265 quibuslibet

505 2283 637 2342 feris
669 2285 794 2342 licet
837 2297 999 2357 atque
1051 2288 1380 2358 agrestibus,
1411 2287 1634 2342 insitum
1681 2296 1767 2343 est
1804 2302 1865 2343 se
1891 2301 2098 2342 amare.

501 2375 720 2432 Naturae
758 2379 902 2433 enim
933 2379 1225 2438 lexvalida
1270 2389 1355 2435 est
1398 2379 1536 2434 velle
1589 2379 1796 2445 vivere,
1848 2393 1948 2433 nec
1997 2377 2100 2433 sibi

501 2483 733 2529 mortem
753 2473 1084 2530 adsciscere.
1112 2473 1354 2544 Denique
1370 2475 1514 2528 ferro
1536 2475 1588 2528 in
1612 2489 1670 2529 se
1691 2474 1891 2528 armari
1915 2472 2098 2527 omnia

497 2578 696 2638 genera
725 2566 1081 2620 animantium
1108 2607 1122 2632 ,
1158 2582 1258 2622 nec
1297 2568 1341 2621 si
1391 2567 1576 2636 velint,
1621 2574 1869 2637 possunt.
1921 2564 2094 2620 lnfor—

501 2675 644 2716 mem
690 2659 828 2715 lethi
852 2659 1100 2730 laqueum
1143 2658 1392 2715 homines
1440 2659 1792 2727 invenerunt,
1840 2658 1972 2715 ferae
2003 2674 2101 2714 ne-

500 2752 702 2806 sciunt.
725 2751 831 2808 Sed
851 2766 1068 2807 morsus
1093 2750 1330 2806 ferarum
1362 2767 1513 2807 arma
1529 2761 1676 2817 sunt,
1695 2751 1887 2807 dentes
1908 2767 2098 2807 eorum

497 2845 929 2916 gladii.Quando
981 2857 1159 2901 tamen
1191 2847 1475 2917 quisquam
1517 2846 1763 2913 audivit,
1818 2846 1962 2917 quod
1995 2846 2098 2902 sibi

497 2939 679 3009 aliqua
727 2941 836 2994 fera
887 2941 1110 3010 preprio
1177 2955 1359 2996 morsu
1408 2941 1714 2997 membrum
1786 2939 2097 2996 ademerit?

497 3034 785 3090 adversum
815 3034 953 3089 alios
983 3034 1217 3089 faucium
1251 3049 1469 3090 suarum
1504 3036 1674 3090 armis
1705 3044 1964 3100 utuntur,
1997 3033 2097 3089 ad-

497 3143 712 3184 versum
765 3143 824 3184 se
869 3127 1092 3184 osculis.
1157 3127 1323 3183 Nobis
1371 3145 1588 3200 quoque
1626 3129 1756 3199 quid
1806 3139 1911 3184 tam
1938 3129 2097 3186 dulce

2215 525 2393 568 scere.
2434 511 2624 568 Nonne
2661 512 2714 566 in
2769 520 3002 583 utroque
3053 513 3259 568 crimen
3299 521 3414 579 est,
3460 513 3550 568 vel
3591 511 3821 582 rejicere

2215 603 2554 675 depositum,
2617 621 2722 660 non
2757 615 3080 677 reposcente
3119 607 3210 676 qui
3260 605 3510 661 dederit:
3537 606 3623 661 vel
3656 619 3818 676 repo-

2213 707 2400 755 scente
2443 701 2678 772 negare?
2722 701 2776 757 Si
2811 700 3048 756 hominis
3067 700 3375 772 depositum
3401 701 3630 767 violare,
3659 715 3817 771 poena

2215 791 2452 847 infamiae
2481 805 2561 848 est
2595 811 2608 846 :
2637 802 2840 864 quanto
2883 795 3056 865 magis
3101 795 3306 850 violare
3355 795 3663 866 depositum
3690 795 3814 850 Dei!

2215 882 2530 953 Depositum
2589 886 2681 942 Dei
2723 883 2749 922 ἀ
2792 887 2844 941 in
2903 889 3082 942 anima
3128 898 3210 942 est
3265 888 3317 942 in
3379 890 3480 943 hoc
3530 904 3813 960 corpore,

2213 977 2391 1031 anima
2419 994 2537 1047 quae
2579 981 2766 1034 mortis
2820 980 2977 1035 istius
3029 996 3200 1049 capax
3243 995 3348 1036 non
3399 981 3478 1036 fit.
3519 981 3640 1037 Non
3669 983 3816 1037 enim

2213 1069 2326 1124 ullo
2377 1072 2569 1126 mortis
2623 1072 2844 1128 vinculo
2904 1074 3223 1144 astringitur
3289 1085 3450 1144 atque
3513 1073 3811 1146 alligatur,

2211 1162 2305 1219 sed
2361 1162 2578 1219 videtur
2623 1174 2851 1220 mortem
2903 1166 3175 1236 Opperiri,
3221 1180 3344 1220 cum
3395 1165 3626 1220 solvitur
3685 1181 3814 1221 cor-

2214 1273 2364 1328 pore,
2411 1267 2576 1329 atque
2603 1257 2671 1314 de
2725 1259 3020 1314 commisso
3065 1257 3168 1315 sibi
3216 1259 3580 1315 contubernio
3629 1259 3816 1329 sejun-

2210 1351 2375 1423 gitur.
2405 1351 2516 1406 Cur
2543 1353 2706 1423 igitur
2735 1364 2863 1408 ante
2905 1354 3196 1424 repetitum
3227 1353 3536 1423 depositum
3575 1362 3811 1408 mortem

2212 1443 2547 1514 irrogamus,
2595 1453 2652 1498 et
2702 1445 2940 1500 animam
2993 1444 3148 1516 quasi
3217 1444 3459 1500 inutilem
3516 1444 3677 1500 nobis
3727 1459 3814 1500 re-

2212 1535 2514 1602 mittimus,
2573 1544 2737 1605 atque
2791 1553 2822 1592 e
2866 1537 3030 1592 domo
3083 1545 3265 1592 nostra
3327 1536 3711 1604 excludimus,
3760 1549 3817 1593 et

2210 1642 2410 1699 corpus
2459 1629 2578 1683 sine
2609 1629 2812 1685 decore
2860 1640 2914 1686 et
2944 1629 3115 1702 gratia
3147 1631 3229 1684 sui
3259 1629 3312 1684 in
3347 1641 3546 1685 terram
3579 1631 3815 1685 resolvi-

2213 1738 2330 1778 mus
2349 1727 2371 1778 ’Ξ
2387 1739 2483 1778 cur
2505 1723 2738 1780 exeundi
2763 1723 2887 1778 hinc
2911 1732 3234 1794 prmceptum
3265 1740 3370 1779 non
3398 1725 3813 1794 exspectamus?

723 1819 793 1875 Et
814 1821 900 1890 qui
945 1837 1048 1875 non
1102 1830 1252 1876 curat
1289 1821 1512 1892 seipsum
1560 1820 1614 1873 in
1655 1819 1896 1890 operibus
1950 1820 2102 1884 suis,
2135 1816 2364 1879 BMiles
2421 1827 2680 1873 tesseram
2762 1827 3086 1886 exspectat,
3146 1831 3337 1872 servus
3391 1817 3702 1886 imperium.
3754 1815 3810 1872 Si

2211 1908 2332 1979 quis
2363 1910 2553 1964 horum
2609 1910 2728 1965 sine
2774 1921 3047 1980 praecepto
3077 1909 3271 1965 exierit
3322 1926 3334 1962 :
3374 1909 3512 1965 alter
3540 1908 3808 1975 desertor,

2209 2004 2348 2059 alter
2377 2004 2632 2075 fugitivus
2680 2013 2784 2060 est.
2838 2003 2940 2072 Qui
2994 2005 3268 2060 hominem
3318 2003 3496 2074 fugit,
3548 2019 3688 2074 pene
3726 2013 3815 2058 est

2207 2097 2497 2162 obnoxius,
2527 2099 2774 2169 quamvis
2802 2097 3112 2168 improbum
3142 2097 3338 2168 fugerit
3363 2097 3677 2153 dominum:
3709 2111 3810 2150 nos

2207 2190 2469 2259 Optimum
2501 2190 2744 2244 omnium
2799 2189 3070 2261 fugientes
3104 2205 3394 2261 possumus
3427 2205 3535 2245 non
3581 2189 3811 2260 astringi

2205 2281 2497 2351 impietatis
2530 2281 2773 2353 ﬂagitio?
2825 2282 2964 2338 Num
3011 2284 3173 2338 etiam
3219 2283 3365 2339 istud
3412 2284 3655 2354 prtelerit
3699 2298 3808 2338 no-

2205 2385 2374 2430 stram
2412 2376 2724 2447 opinionem
2771 2376 2934 2448 quod,
2979 2378 3221 2448 apposuit
3272 2376 3413 2433 Deus
3456 2378 3708 2450 Angelum
3753 2379 3808 2432 in

2202 2469 2418 2522 circuitu
2449 2471 2735 2524 timentium
2762 2487 2876 2525 eum
2909 2472 2927 2543 (
2954 2470 3100 2526 Pcaf.
3154 2487 3323 2527 χχχιιι
3345 2514 3358 2539 ,
3381 2471 3477 2543 8)1
3526 2472 3621 2527 Est
3672 2485 3807 2542 ergo

2201 2562 2291 2632 qui
2341 2563 2646 2633 prohibeat,
2703 2566 2804 2619 nisi
2855 2577 3186 2635 praeceptum
3243 2567 3631 2638 acceperit?si
3681 2567 3805 2621 nul-

2203 2655 2311 2709 lum
2345 2668 2697 2728 prmceptum,
2731 2659 2936 2714 nullum
2964 2660 3239 2715 viaticum.
3265 2660 3335 2715 Et
3378 2659 3654 2731 quomodo
3675 2675 3801 2730 per-

2202 2749 2484 2804 veniemus
2515 2754 2634 2806 sine
2661 2752 2898 2808 viatico?
2928 2751 3061 2822 Quis
3111 2769 3211 2808 nos
3259 2753 3489 2823 recipiet
3555 2753 3608 2808 in
3649 2752 3800 2808 illum

2203 2855 2394 2910 purum
2422 2851 2476 2897 ct
2503 2854 2773 2900 secretum
2801 2845 2980 2901 locum
3003 2846 3025 2897 ?
3051 2846 3186 2913 Quis
3209 2860 3308 2901 nos
3329 2845 3584 2901 admittet
3614 2845 3680 2900 ad
3709 2845 3800 2900 illa

2200 2947 2508 2991 sanctarum
2575 2937 2880 2994 animarum
2953 2939 3268 2994 consortia?
3322 2939 3498 2993 Adam
3553 2939 3797 3005 latebat,

2201 3033 2324 3100 quia
2354 3040 2685 3101 praeceptum
2729 3033 2822 3087 Dei
2856 3031 3247 3102 praevaricatus
3275 3040 3360 3087 est
3387 3050 3400 3084 ε
3433 3033 3689 3088 exclusus
3713 3042 3802 3089 est

2205 3124 2271 3180 de
2299 3125 2570 3194 paradiso,
2615 3127 2740 3196 quia
2793 3141 2899 3181 nou
2932 3128 3169 3183 servavit
3223 3127 3555 3183 mandatum.
3593 3126 3800 3183 Dicitur

497 3238 656 3292 quam
691 3223 836 3277 vita?
880 3222 1017 3289 Quid
1049 3230 1156 3277 tam
1210 3223 1487 3278 inimicum
1536 3239 1698 3294 quam
1744 3223 1938 3279 mors?
1990 3223 2094 3280 De-
2120 3211 2166 3273 C
2200 3216 2248 3272 ei
2283 3234 2298 3272 :
2328 3217 2518 3284 Adam,
2563 3218 2649 3273 ubi
2692 3236 2746 3274 es
2806 3219 2973 3292 (fGen.
3007 3237 3102 3286 ιιι,
3146 3219 3245 3291 9)?
3298 3220 3462 3287 Quasi
3491 3223 3539 3277 ei
3585 3221 3678 3293 qui
3718 3221 3802 3276 fu-

498 3320 662 3388 nique
690 3319 779 3388 qui
825 3317 990 3373 vitam
1017 3318 1332 3388 protexerit,
1369 3327 1633 3388 patronus
1663 3327 1747 3373 est
1777 3335 1790 3371 :
1824 3319 1915 3388 qui
1948 3333 2095 3372 mor-

499 3418 606 3466 tem
653 3419 912 3478 appetere
965 3410 1286 3475 tentaverit,
1323 3411 1608 3466 insidiator
1628 3418 1732 3465 est.
1773 3410 1927 3479 Quod
1963 3425 2095 3480 ergo

496 3503 550 3558 in
587 3502 708 3557 aliis
758 3517 1140 3569 exsecramur,
1194 3503 1239 3558 si
1287 3518 1387 3558 nos
1430 3511 1752 3573 appetamus
1781 3503 1880 3571 ipsi
1937 3501 2095 3556 nobis

497 3595 747 3651 volumus
799 3593 1036 3652 inferre:
1070 3604 1126 3651 et
1180 3595 1324 3666 quod
1375 3596 1442 3650 ab
1476 3591 1597 3650 aliis
1657 3609 1754 3664 pro
1787 3608 1949 3663 paena
1973 3593 2093 3649 exi-

495 3688 710 3760 gimus,
771 3689 873 3744 hoc
911 3689 1012 3758 ipsi
1067 3687 1225 3742 nobis
1275 3688 1577 3758 irrogamus
1629 3703 1726 3756 pro
1772 3686 1946 3757 gratia
1988 3703 2001 3739 :
2037 3694 2090 3741 et

496 3787 915 3858 gubernatorem
944 3785 989 3839 si
1045 3783 1396 3840 commissam
1444 3783 1545 3838 sibi
1600 3797 1792 3837 navem
1825 3797 1960 3836 saxo
1988 3779 2096 3835 illi-

495 3880 622 3947 dat,
667 3879 1042 3950 persequimur
1092 3895 1106 3932 :
1152 3892 1252 3934 nos
1297 3876 1651 3934 commissum
1707 3874 1865 3932 nobis
1921 3875 2090 3930 nostri

493 3973 744 4045 corporis
778 3957 1204 4044 gubernaculum
1256 3972 1402 4027 ferro
1433 3970 1831 4040 exstinguimus
1853 4010 1867 4034 ,
1899 3978 1954 4024 et
1985 3983 2086 4022 vo-

494 4068 732 4123 luntario
789 4067 1066 4136 naufragio
1120 4065 1463 4120 addicimus?
1501 4062 1610 4119 Sed
1665 4061 1904 4132 objicitis
1951 4058 2088 4115 mihi

494 4171 725 4216 mortem
753 4170 1018 4214 maturam
1042 4200 1056 4224 ,
1085 4173 1209 4214 cum
1236 4159 1290 4212 in
1315 4166 1638 4227 potestatem
1672 4156 1909 4211 hostium
1937 4155 2092 4209 fuero

493 4254 781 4310 deductus.
830 4251 970 4322 Quid
998 4267 1128 4322 ergo
1171 4250 1504 4306 lucrifaciam
1547 4252 1590 4304 si
1642 4249 1787 4320 quod
1818 4249 1885 4304 ab
1935 4249 2092 4304 hoste

493 4355 700 4411 metuo,
733 4343 970 4413 hocipse
1003 4343 1135 4398 mihi
1166 4342 1392 4398 inferam
1427 4359 1439 4396 :
1465 4357 1588 4398 cum
1619 4341 1793 4411 possit
1821 4339 2087 4403 accidere,

494 4451 554 4494 ut
591 4437 737 4509 quod
769 4436 1010 4492 suadetis
1045 4435 1177 4491 mihi
1208 4434 1422 4501 facere,
1469 4449 1576 4489 non
1609 4433 1770 4488 faciat
1802 4432 2092 4488 inimicus?

492 4531 813 4603 Hujusmodi
845 4531 987 4585 istud
1015 4537 1135 4595 est,
1185 4543 1248 4584 ac
1277 4529 1322 4583 si
1367 4527 1561 4583 videns
1595 4525 1924 4598 gubernator
1955 4534 2091 4582 tem-

495 4599 761 4698 pestatem
809 4625 1080 4690 futuram,
1133 4622 1476 4692 tempestatis
1531 4619 1703 4690 gratia
1748 4599 2166 4675 declinande

489 4735 682 4779 navem
706 4719 955 4774 fluctibus
978 4717 1284 4786 immergat.
1339 4714 1422 4769 An
1452 4714 1574 4783 quia
1603 4711 1849 4783 graviora
1880 4711 2087 4782 suppli-

493 4815 575 4871 cia
635 4823 928 4868 exacturus
956 4819 1042 4866 est
1095 4808 1463 4872 adversarius,
1490 4807 1614 4863 ideo
1646 4806 2085 4876 praeveniendum

487 4907 730 4979 putatis?
777 4904 860 4960 vel
921 4903 1046 4974 quia
1096 4912 1382 4957 strenuum
1411 4899 1778 4963 arbitramini,
1813 4906 1869 4952 ut
1897 4897 1950 4951 in
1984 4912 2085 4952 nos

488 5001 590 5070 ipsi
630 4999 774 5056 ferro
822 4996 1077 5052 utamur?
1124 4994 1220 5050 sed
1254 4995 1306 5049 id
1358 4991 1753 5048 imbecillitatis
1791 4989 2081 5060 suffugium

490 5102 594 5158 est,
630 5105 740 5146 non
770 5089 985 5144 virtutis
1039 5095 1327 5158 trop:uum,
1376 5095 1598 5156 captare
1645 5085 1850 5140 lucrum
1873 5083 2081 5154 suppli-

485 5184 715 5239 ciorum.
749 5182 807 5237 ln
839 5182 944 5237 hoc
970 5181 1134 5252 igitur
1161 5179 1490 5234 inhaeremus
1510 5219 1524 5239 ,
1551 5178 1693 5247 quod
1727 5193 1825 5232 nec
1853 5177 2082 5247 insignia

487 5275 686 5332 habeat
736 5273 1104 5336 fortitudinis,
1139 5288 1239 5328 nec
1290 5271 1590 5342 profectum
1644 5269 1910 5324 utilitatis.
1941 5268 2080 5336 Quid

485 5377 668 5423 autem
711 5374 948 5421 attexam
975 5375 998 5403 ο
1056 5363 1244 5418 violati
1272 5361 1503 5432 depositi
1551 5361 1909 5431 religionem?
1938 5361 2081 5415 Deus

483 5459 830 5530 omnipotens
877 5458 1190 5514 thesaurum
1221 5455 1379 5512 nobis
1426 5455 1691 5526 optimum
1721 5455 1894 5519 dedit,
1919 5463 2080 5524 atque

483 5552 750 5610 inclusum
779 5551 834 5607 in
864 5551 966 5606 hoc
994 5565 1120 5607 vase
1166 5549 1320 5606 ﬁctili
1347 5557 1403 5605 et
1427 5548 1827 5619 consignatum,
1855 5548 2078 5603 commi-

554 5645 953 5724 fliormidinis.
1004 5646 1178 5724 Dium.
1669 5711 1701 5724 η
1763 5712 1774 5723 ο
1892 5713 1919 5724 __

554 5715 582 5754 ι)
631 5715 761 5838 ῐςιὶ
803 5719 962 5783 cod.,
994 5717 1153 5786 frater
1197 5723 1272 5769 est
1317 5730 1410 5768 sua
1460 5728 1615 5784 opera
1647 5711 2068 5780 dissipantitJo.

564 5796 587 5824 ο
689 5801 738 5837 ιο
763 5791 860 5842 ari.
913 5790 986 5842 in.

559 5796 587 5891 ἔ
631 5796 1046 5917 ἔὲῗίὲᾜειὲἶὶια
1091 5855 1438 5926 praepositio,
1481 5851 1922 5924 legendumque:
1967 5852 2074 5908 De-

2197 3311 2376 3379 gerit,
2420 3309 2573 3380 quasi
2617 3312 2664 3367 ei
2696 3313 2852 3382 cujus
2897 3313 3041 3383 apud
3093 3313 3260 3369 Deum
3310 3330 3415 3370 non
3442 3323 3525 3371 est
3552 3328 3796 3385 praesen-

2199 3401 2293 3456 tia.
2337 3401 2534 3459 Nonne
2583 3412 2638 3458 et
2678 3404 2807 3459 mihi
2865 3406 3083 3472 dicitur,
3135 3405 3238 3463 Ubi
3287 3410 3382 3462 es?
3443 3407 3532 3479 qui
3592 3416 3795 3478 praeter

2197 3509 2525 3567 praeceptum
2550 3499 2784 3566 venisti,
2833 3516 2994 3572 quem
3043 3517 3144 3573 ego
3179 3504 3518 3560 naturalibus
3568 3505 3796 3561 vinculis

2197 3605 2304 3644 non
2337 3591 2624 3646 relaxavi?
2665 3592 2858 3649 Tollite
2909 3612 3029 3650 eum
3071 3597 3126 3650 in
3177 3596 3412 3652 tenebras
3465 3599 3745 3654 exteriores
3772 3641 3789 3664 ,

2195 3682 2285 3736 ubi
2331 3685 2429 3738 erit
2473 3686 2622 3754 ﬂetus
2668 3695 2714 3741 et
2763 3688 2955 3744 stridor
2982 3690 3210 3744 dentium
3246 3700 3294 3745 et
3341 3692 3494 3746 dolor
3535 3695 3570 3761 ε(
3602 3692 3788 3747 Matth.

2196 3790 2340 3841 xxu,
2376 3777 2506 3849 15).
2558 3779 2684 3836 "me
2709 3795 2816 3835 non
2857 3782 3029 3837 solum
3079 3782 3320 3839 moribus
3361 3784 3665 3853 hominum,
3695 3787 3792 3842 sed

2195 3869 2358 3923 etiam
2417 3871 2627 3941 legibus
2685 3873 2972 3929 interdicta
3036 3877 3390 3947 accepimus:
3422 3892 3659 3949 namque
3700 3879 3793 3933 alii

2197 3959 2500 4034 insepultos
2543 3966 2730 4037 projici
2784 3969 2978 4037 jubent
3028 3984 3158 4036 eos,
3215 3970 3305 4040 qui
3355 3986 3415 4027 se
3473 3972 3528 4026 in
3584 3972 3791 4028 ferrum

2195 4057 2532 4127 dejecerunt.
2586 4058 2812 4129 Dignum
2843 4071 2928 4116 est
2957 4061 3128 4128 enim,
3172 4071 3230 4116 ut
3281 4061 3373 4132 qui
3420 4063 3590 4132 patris
3623 4065 3793 4134 impe-

2196 4152 2334 4206 rium
2365 4168 2470 4207 non
2503 4164 2961 4224 exspectaverunt
2985 4201 2999 4224 ,
3053 4158 3336 4228 priventur
3367 4161 3520 4230 quasi
3553 4162 3791 4232 quodam

2196 4245 2384 4300 matris
2412 4245 2622 4315 gremio
2647 4287 2663 4311 ,
2711 4255 2872 4303 teme
2917 4249 3191 4320 sepulcro.
3232 4250 3338 4306 Alii
3363 4252 3644 4308 dexteram
3677 4271 3793 4310 ma-

2194 4352 2319 4391 num
2351 4337 2677 4393 abscindunt
2700 4338 2997 4409 defunctis,
3049 4352 3106 4397 ut
3147 4355 3436 4414 separetur
3465 4360 3497 4398 a
3527 4346 3790 4401 membris

2195 4431 2279 4486 sui
2323 4431 2590 4501 corporis,
2621 4442 2644 4467 ο
2686 4432 2829 4503 quod
2860 4435 3123 4491 adversus
3153 4451 3353 4507 corpus
3381 4453 3541 4492 suum
3586 4455 3791 4494 vesano

2195 4522 2448 4576 militavit
2492 4521 2696 4579 furore.
2746 4525 2852 4582 Sed
2895 4526 3041 4582 hunc
3065 4529 3270 4585 exitum
3300 4531 3549 4600 sacrilegi
3583 4531 3788 4598 ferunt,

2195 4625 2287 4670 aut
2322 4617 2628 4686 proditores
2671 4618 2755 4674 vel
2799 4635 3149 4689 percussores
3197 4631 3502 4692 parentum,
3555 4625 3650 4694 qui
3701 4641 3791 4681 ve-

2194 4723 2312 4763 rum
2343 4716 2546 4779 patrem
2587 4727 2692 4766 non
2747 4722 3105 4783 agnoverunt,
3139 4729 3239 4770 nec
3277 4729 3398 4771 sese
3426 4727 3784 4786 cognoscunt.

2194 4800 2320 4858 Ideo
2344 4812 2436 4858 aut
2484 4805 2698 4874 penitus
2728 4805 2944 4876 sepeliri
2979 4807 3367 4876 prohibentur,
3421 4815 3513 4862 aut
3546 4824 3657 4864 non
3690 4811 3786 4864 toti

2193 4897 2550 4968 sepeliuntur.
2603 4899 2828 4955 Animas
2867 4915 3080 4972 quoque
3106 4916 3296 4956 eorum
3342 4917 3449 4956 non
3497 4902 3787 4972 paradisus

2192 4992 2424 5062 recipit,
2454 4994 2550 5050 sed
2606 4994 2904 5050 inferorum
2951 4997 3225 5061 tenebrae,
3269 5010 3522 5066 stevaque
3575 4997 3786 5067 suppli-

2190 5084 2294 5140 cia.
2349 5086 2471 5141 llaec
2521 5085 2652 5142 mihi
2685 5089 2981 5158 reputanti,
3011 5103 3336 5158 quamquam
3383 5087 3562 5142 omnia
3590 5099 3781 5159 erepta

2191 5179 2340 5245 sint,
2398 5178 2510 5232 sola
2545 5188 2729 5234 tamen
2760 5180 2959 5234 terrori
3002 5196 3066 5234 ac
3097 5178 3372 5235 formidini
3424 5189 3550 5235 sunt
3584 5198 3597 5234 :
3632 5179 3649 5216 ί
3684 5195 3784 5237 nec

2190 5271 2323 5325 mihi
2356 5271 2457 5341 ipsi
2509 5272 2757 5338 inferam,
2786 5288 2907 5342 quae
2929 5287 3031 5328 nec
3088 5272 3258 5327 hostis
3288 5273 3491 5342 poterit
3532 5272 3736 5329 inferre
3765 5291 3777 5326 :

2191 5375 2244 5419 et
2277 5365 2365 5419 illa
2393 5365 2627 5435 paradisi
2675 5366 2924 5435 eripiam,
2953 5380 3074 5434 qum
3125 5364 3404 5419 Romanus
3449 5363 3629 5420 adhuc
3673 5381 3780 5420 non

2191 5459 2367 5528 potuit
2418 5458 2653 5528 eripere.
2710 5458 2872 5514 Certe
2917 5457 3227 5512 accelerare
3276 5457 3479 5526 potuit,
3541 5471 3649 5511 non
3679 5470 3777 5526 po-

2191 5552 2318 5606 terit
2347 5552 2562 5608 auferre
2588 5593 2604 5620 ,
2658 5567 2778 5621 qua:
2806 5550 2921 5606 sola
2973 5548 3322 5620 impatienter
3348 5547 3624 5604 desidero.
3660 5547 3774 5604 Non

2189 5645 2409 5711 positum
2440 5643 2571 5709 Dei,
2595 5644 2770 5698 anima
2814 5653 2886 5697 est
2916 5642 2970 5696 in
2999 5640 3094 5696 hoc
3119 5655 3352 5710 corpore.
3383 5639 3663 5696 GALLAND.

2257 5725 2279 5753 ε
2324 5717 2458 5782 Qua.
2490 5715 2660 5770 ΒΑιιιι.

2261 5791 2270 5823 ¹
2329 5788 2407 5841 Ne
2455 5786 2598 5840 mihi.
2634 5786 2705 5840 In.
