3964 6312
144 263 303 321 2089

1022 262 1298 324 HISTOB.
1341 263 1433 322 DE
1473 263 1751 323 EXCIDIO
1790 266 2060 328 HIEROS.
2106 270 2310 330 UBBIS
2348 271 2476 331 LIB.
2508 273 2599 332 III.

3332 278 3477 339 2090

149 378 310 433 extim
358 377 484 432 vitae
540 375 699 448 hujus
746 375 856 433 ulla
896 391 984 434 me
1023 377 1297 449 cupiditas
1340 387 1530 445 tenet,
1565 379 1617 434 in
1660 394 1766 449 qua
1793 389 1840 450 Α
1872 396 2050 451 esset,
2080 389 2346 459 sanguine
2395 389 2531 443 socii
2575 388 3029 447 contaminandus
3078 389 3238 446 foret.
3272 390 3479 449 Suadet

152 484 269 527 nec
295 468 440 541 apud
493 469 659 536 cives,
692 484 794 525 nec
819 471 961 541 apud
993 470 1180 526 hostes
1226 471 1345 542 cepi
1397 471 1540 542 quod
1589 471 1772 527 delec-

155 571 332 619 taret.
380 560 472 617 Isti
502 560 634 617 mihi
682 576 873 633 pacem
922 573 1220 634 negarunt,
1273 563 1350 617 illi
1400 564 1630 634 patriam
1664 564 1773 619 eri-

155 664 428 724 puerunt.
484 653 635 710 Inter
684 662 765 709 tot
814 656 953 711 mala
994 656 1122 726 quid
1177 664 1357 726 potest
1402 657 1687 713 suavitatis
1716 658 1768 712 in

154 747 273 803 hac
318 747 428 803 vita
475 748 818 818 superesse?
858 747 938 802 Tu
960 748 1127 805 modo
1150 788 1166 815 ,
1200 748 1546 819 omnipotens
1585 749 1772 816 Pater,

153 841 258 913 qui
290 849 498 896 natura:
541 849 734 898 auctor
760 849 924 912 atque
949 842 1157 897 arbiter
1182 857 1242 898 es
1268 884 1283 908 ,
1333 841 1622 898 honestum
1658 842 1769 897 lar-

152 935 284 1006 gire
339 933 542 989 exitum
571 975 586 999 ,
648 942 706 989 tu
758 949 951 1005 rumpe
996 934 1245 990 naturale
1286 933 1389 991 hoc
1444 934 1767 990 vinculum:

153 1026 339 1083 redde
388 1026 625 1082 animam
666 1040 843 1083 meam
897 1029 1126 1083 secretis
1169 1028 1302 1083 suis.
1336 1028 1652 1083 Exstinctos
1700 1028 1773 1083 sit

153 1123 404 1194 populus
426 1164 441 1189 ,
470 1130 716 1193 ereptum
759 1122 867 1192 jus,
913 1122 1141 1179 libertas
1174 1121 1406 1178 infracta
1439 1141 1453 1177 :
1491 1136 1599 1177 non
1632 1137 1769 1193 prze-

150 1217 451 1273 varicabor
499 1225 677 1273 tamen
708 1216 883 1286 legem
930 1225 1075 1272 tuam
1101 1258 1116 1283 ,
1157 1224 1217 1271 ut
1266 1215 1476 1270 moriar
1503 1215 1764 1284 iniussus.

152 1308 441 1379 Exspecto
495 1317 553 1364 ut
574 1308 798 1380 jubeas,
829 1317 1089 1379 exspecto
1144 1317 1201 1363 ut
1236 1307 1507 1364 volentem
1542 1307 1765 1363 liberes.

153 1403 366 1459 Multos
395 1402 565 1459 habes
588 1402 662 1457 tui
705 1401 918 1473 imperii
948 1411 1304 1458 exsecutores
1329 1419 1343 1456 :
1374 1417 1403 1456 a
1438 1410 1489 1458 te
1516 1410 1771 1472 exspecto

153 1496 483 1565 imperium,
512 1495 582 1551 ab
619 1504 947 1551 exsecutore
996 1492 1383 1550 ministerium.
1423 1495 1631 1549 Bonum
1688 1504 1772 1549 est

151 1589 307 1645 mori
341 1606 352 1644 :
395 1590 491 1644 sed
525 1588 752 1656 moriar,
787 1597 843 1643 ut
898 1587 1185 1657 Hebraeus,
1215 1604 1322 1643 non
1349 1597 1409 1642 ut
1450 1588 1591 1643 latro
1613 1628 1628 1654 ,
1660 1603 1766 1643 non

158 1695 223 1739 ιιι
245 1682 518 1752 carnifex,
553 1699 659 1738 non
691 1692 750 1739 ut
791 1681 983 1737 hostis.
1021 1680 1211 1737 Victus
1245 1681 1348 1736 sim
1400 1680 1527 1735 licet
1579 1681 1724 1737 bello
1750 1722 1765 1749 ,

1878 489 1936 534 ut
1963 480 2095 534 sorti
2146 481 2505 536 renuntiaret.
2556 481 2645 536 Sic
2694 481 3054 538 domesticum
3109 485 3282 541 evasit
3338 501 3478 554 pra:-

1880 573 2029 642 lium,
2064 583 2120 630 et
2142 590 2238 644 per
2283 575 2603 631 Nicanorem
2651 574 2719 630 ad
2745 574 3134 647 Vespasianum
3168 578 3474 635 deducitur.

1875 666 1964 722 Fit
1991 681 2291 724 concursus
2314 667 2380 723 ad
2410 667 2527 739 ejus
2551 666 2899 724 advenientis
2918 670 3288 739 spectaculum
3319 713 3333 737 ,
3366 670 3477 725 Ro-

1874 760 2049 816 manis
2097 759 2210 815 fere
2237 759 2493 816 onmibus
2530 760 2974 827 conﬂuentibus;
3024 761 3113 816 alii
3148 762 3336 818 videre
3381 763 3479 818 de-

1869 852 2075 923 jectum
2099 853 2508 920 desiderabant,
2527 869 2686 922 quem
2731 855 2892 925 paulo
2914 863 3041 911 ante
3059 855 3112 910 in
3140 856 3475 925 amplissimo

1875 946 2086 1002 honore
2116 948 2349 1016 positum
2375 990 2389 1013 ,
2433 963 2659 1003 summa:
2705 949 2783 1003 rei
2812 964 3051 1020 praeesse
3082 948 3430 1004 intuebantur
3460 968 3473 1002 :

1874 1038 1965 1094 alii
1995 1040 2281 1095 certabant
2307 1049 2467 1110 capto
2518 1040 2784 1107 illuderc,
2812 1042 2904 1096 alii
2954 1043 3102 1097 vices
3146 1059 3329 1098 rerum
3379 1043 3477 1097 hu-

1872 1145 2157 1186 manarum
2201 1141 2311 1187 tam
2371 1132 2547 1188 varias
2596 1143 2760 1202 atque
2810 1132 3076 1189 ﬂexibiles
3114 1134 3472 1189 mirabantur.

1874 1223 2127 1295 Plerique
2169 1225 2473 1281 consultius
2522 1226 2972 1296 ingemiscebant,
3042 1228 3132 1298 qui
3176 1229 3227 1282 in
3282 1229 3475 1283 alienis

1874 1318 2093 1373 casibus
2115 1319 2218 1374 sibi
2246 1334 2408 1390 posse
2437 1321 2625 1375 eadem
2655 1320 2908 1375 accidere
2941 1322 3287 1390 reputabant.
3322 1321 3475 1377 Titus

1876 1428 1987 1483 prae
2012 1415 2226 1469 caeteris
2266 1415 2614 1480 movebatur,
2643 1414 2882 1485 ingenita
2933 1414 3100 1469 animi
3157 1426 3473 1470 mansueta.

1872 1503 2228 1561 dinezillum
2296 1505 2498 1561 dudum
2552 1506 2873 1562 bellatorem
2940 1507 3232 1577 superbum
3292 1507 3471 1563 subito

1873 1600 2128 1669 potestati
2178 1599 2452 1656 addictum
2485 1600 2720 1655 hostium
2773 1600 2939 1654 alieni
2974 1596 3001 1636 ά
3051 1610 3231 1656 motus
3256 1610 3461 1657 sortem

1873 1690 2110 1760 opperiri
2145 1694 2271 1745 vita:
2325 1692 2685 1761 naufragium,
2714 1691 2953 1747 exsulem
3004 1693 3160 1761 spei,
3203 1693 3469 1747 incertum

150 1778 395 1835 manebo
424 1786 627 1845 “me”,
660 1777 805 1849 (ιιιοά
847 1786 1008 1832 “ams
1053 1790 1194 1842 sum,
1228 1784 1287 1831 υῑ
1316 1773 1554 1831 Αιπθιιίε
1594 1775 1763 1844 Patris
1792 1788 1841 1849 B
1869 1785 2079 1840 salutis.
2124 1784 2358 1840 Tantum
2386 1786 2570 1842 valere
2599 1798 2870 1841 momenta
2896 1787 2949 1840 iu
2982 1786 3205 1857 praeliis,
3237 1795 3296 1843 ut
3323 1787 3473 1843 brevi

159 1872 546 1929 litereditatetn
597 1887 705 1927 non
738 1870 1011 1929 deseram.
1069 1870 1187 1926 Non
1222 1869 1463 1925 transibo
1508 1870 1563 1925 in
1589 1882 1775 1923 nume-

152 1984 283 2024 rum
305 1967 566 2033 hostium,
592 1973 650 2020 ut
675 1965 793 2036 ipse
815 1980 966 2020 meus
994 1978 1286 2034 percussor
1311 1962 1434 2018 sint.
1464 1961 1677 2018 Offerre
1691 1977 1778 2017 me

158 2062 313 2119 hosti
342 2060 755 2134 percutiendum
780 2061 898 2116 sine
917 2059 1136 2129 pietatis
1178 2072 1403 2130 possum
1444 2054 1730 2126 dispendio
1761 2069 1774 2108 :

167 2171 368 2211 manus
391 2168 544 2211 meas
575 2154 712 2209 mihi
736 2161 761 2190 ιι
777 2153 830 2208 iu
852 2153 1061 2206 hostem
1084 2158 1406 2206 convertere
1425 2149 1544 2204 sine
1569 2149 1778 2205 scelere

153 2268 269 2308 non
301 2265 545 2321 possum.
576 2249 660 2305 An
691 2262 824 2304 vero
848 2254 1027 2303 metus
1053 2254 1158 2311 est,
1188 2260 1259 2299 ne
1281 2259 1389 2299 non
1420 2242 1583 2298 liceat
1614 2242 1773 2298 nobis

156 2341 466 2399 secundum
506 2341 683 2412 legem
736 2337 965 2394 vivere?
993 2335 1203 2392 Revera
1231 2349 1375 2390 nunc
1393 2347 1589 2405 magna
1611 2332 1777 2389 liber-

159 2447 245 2492 tas
269 2443 386 2503 est,
428 2433 624 2506 quibus
649 2446 797 2489 nunc
823 2430 949 2486 licet
975 2427 1273 2486 secundum
1302 2427 1479 2499 legem
1507 2424 1666 2481 mori.

730 2546 962 2604 CAPUT
991 2545 1189 2602 XVIII.

235 2644 363 2701 Haec
405 2642 678 2715 Iosephus
727 2639 1031 2712 allegabat,
1077 2653 1187 2710 quo
1243 2643 1543 2693 evacuaret
1581 2634 1774 2691 volun-

160 2738 320 2794 tarite
375 2736 566 2793 mortis
618 2734 650 2774 ι)
702 2732 1067 2789 all‘ectionem.
1123 2729 1231 2786 Sed
1287 2728 1408 2795 illi,
1468 2727 1561 2797 qui
1602 2723 1772 2781 semel

164 2846 292 2888 sese
332 2829 492 2886 morti
526 2829 901 2893 devoverant,
954 2824 1080 2895 quia
1111 2821 1295 2878 verbis
1344 2820 1607 2875 resistere
1655 2831 1765 2872 non

164 2932 441 2997 poterant,
468 2921 665 2994 gladiis
707 2918 861 2989 quasi
901 2915 1112 2972 ferituri
1138 2914 1305 2980 illico,
1334 2911 1509 2967 virum
1538 2909 1771 2965 circum-

164 3027 374 3075 stetere
399 3016 502 3072 nisi
542 3010 1001 3086 acquiescendum
1044 3017 1282 3080 putaret.
1317 3005 1506 3063 Atille
1536 3002 1771 3060 circum-

165 3111 363 3179 datus,
416 3109 581 3166 alium
622 3107 780 3164 ducis
807 3105 1101 3162 revocabat
1146 3100 1471 3157 auctoritate
1512 3107 1569 3154 et
1597 3098 1767 3153 virtu-

1878 1892 2005 1932 casu
2052 1878 2298 1948 dispares
2323 1879 2406 1933 sui
2453 1879 2720 1946 reddant,
2762 1894 2885 1933 cum
2918 1889 3011 1934 aut
3062 1888 3309 1950 potentes
3336 1881 3475 1952 deji-

1878 1974 2133 2040 cittnlur,
2181 1981 2274 2028 aut.
2317 1971 2503 2028 afﬂicti
2552 1973 2820 2027 levantur.
2880 1972 3065 2043 Itaque
3097 1988 3221 2043 pars
3250 1974 3473 2040 melior,

1878 2080 2064 2122 eorum
2123 2066 2334 2122 scilicet
2391 2066 2480 2135 qui
2556 2064 2763 2119 honore
2815 2063 3201 2133 potiebantur,
3263 2064 3475 2118 mitiora

1877 2159 2101 2216 consilia
2151 2159 2353 2214 dabant
2381 2177 2394 2214 :
2429 2159 2663 2213 maxima
2697 2166 2875 2212 tamen
2907 2158 3084 2227 portio
3122 2157 3313 2212 salutis
3334 2158 3476 2228 apud

1877 2264 2085 2325 patrem
2107 2253 2347 2323 Josepho
2392 2252 2549 2308 Titus
2576 2252 2695 2307 fuit.
2745 2250 3118 2321 Vespasianus
3150 2267 3273 2307 eum
3298 2266 3478 2308 asser-

1876 2348 1988 2403 vari
2018 2346 2296 2419 praecepit,
2327 2361 2395 2402 ne
2424 2344 2562 2400 forte
2592 2345 2923 2399 elaberetur.

2461 2437 2689 2495 CAPUT
2745 2436 2888 2493 XIX.

1949 2537 2078 2592 Inde
2106 2535 2291 2607 paucis
2320 2542 2445 2606 post
2475 2532 2664 2588 diebus
2696 2530 3088 2585 Ptolomaidem
3124 2531 3344 2599 repetit,
3390 2538 3474 2584 at-

1873 2646 1981 2701 que
2007 2628 2132 2683 inde
2158 2627 2467 2681 Caesaream
2513 2622 2813 2685 contendit,
2859 2621 3047 2677 urb'm
3071 2620 3272 2677 Judzeze
3296 2624 3472 2677 maxi-

1873 2736 2039 2786 mam,
2072 2719 2168 2776 sed
2194 2720 2366 2789 magis
2392 2715 2683 2788 gentilibus
2710 2713 2966 2770 refertam
3001 2714 3432 2770 inhabitantibus
3460 2729 3472 2767 ι

1875 2815 2019 2871 unde
2064 2829 2185 2870 cum
2245 2814 2436 2883 plausu
2498 2819 2552 2866 et
2599 2810 2781 2864 laetitia
2840 2824 3131 2879 suscepere
3174 2813 3471 2866 exercitum

1875 2908 2199 2974 Romanum,
2237 2920 2342 2959 non
2398 2903 2572 2958 solum
2608 2902 2867 2956 Romanae
2910 2903 3189 2957 societatis
3220 2911 3472 2973 exoptata

1872 3000 1973 3056 sibi
2012 3000 2206 3070 gratia,
2248 2997 2340 3053 sed
2386 2997 2548 3051 insito
2576 3009 2790 3065 quoque
2840 2995 2967 3049 odio
3008 2994 3180 3065 plebis
3209 2995 3411 3050 Judaeze
3456 3016 3469 3051 :

1872 3095 2027 3166 cujus
2056 3094 2352 3164 principem
2383 3089 2679 3161 Josepbum
2712 3100 2966 3160 oportere
2999 3091 3175 3157 puniri
3222 3093 3473 3147 maximis

169 3208 241 3261 tis
279 3204 624 3269 constantia,
680 3200 844 3256 alium
891 3212 1085 3255 severo
1140 3195 1328 3251 obtutu
1385 3190 1770 3250 conveniebat.
1799 3173 1845 3237 C
1878 3188 2213 3245 clamoribus
2265 3187 2722 3243 vociferabantur.
2768 3185 2939 3251 Quam
2988 3184 3387 3254 Vespasianus,
3419 3195 3476 3241 nt

169 3297 342 3367 IIujus
383 3295 678 3351 revocabat
715 3292 1028 3354 dexteram,
1059 3289 1202 3345 illius
1250 3285 1562 3343 inflectebat
1590 3284 1724 3339 iram
1752 3323 1767 3350 ,

169 3389 441 3446 mulcebat
467 3387 680 3444 consilii
708 3385 1054 3441 salubritate.
1089 3382 1327 3438 Diversis
1354 3379 1533 3435 modis
1554 3378 1770 3433 unicui-

167 3499 277 3557 que
336 3479 768 3539 irrationabilem
822 3475 1183 3548 extorquebat
1227 3473 1492 3528 furorem.
1549 3468 1764 3526 Etenim

168 3580 417 3649 quamvis
464 3575 655 3630 ultima
709 3585 830 3627 sors
891 3570 1017 3625 victi
1059 3567 1375 3639 dignitatem
1414 3570 1765 3629 extorserat,

169 3688 277 3728 non
309 3670 529 3744 penitus
568 3676 751 3724 tamen
783 3664 1100 3721 aboleverat
1126 3658 1509 3716 reverentiam.
1571 3655 1767 3711 Paula—

168 3769 265 3823 tim
339 3765 522 3836 itaque
572 3759 986 3832 d0ponebantur
1042 3767 1269 3818 manus,
1323 3748 1764 3807 recondebantur

166 3858 365 3932 gladii,
422 3865 603 3913 tamen
641 3851 871 3909 intentio
922 3845 1331 3919 perseverabat.
1377 3842 1512 3898 Cum
1552 3839 1762 3895 videret

172 3967 340 4009 unum
386 3966 418 4006 a
463 3948 715 4021 pluribus
764 3960 825 4001 se
872 3943 1156 3999 obsessum
1224 3935 1441 4000 teneri,
1493 3933 1611 3988 sive
1640 3946 1769 3987 casu

168 4043 437 4117 quodam,
483 4042 599 4097 sive
632 4037 867 4095 consilio
892 4046 916 4074 ο
961 4037 1366 4090 commentatus
1391 4033 1513 4092 est,
1566 4033 1627 4079 ut
1664 4022 1767 4078 mi-

169 4115 363 4196 nueret
389 4150 673 4192 numerum
722 4127 1161 4202 repugnantium.
1193 4118 1648 4182 Committamus,
1680 4115 1766 4171 in-

169 4231 317 4303 quit,
346 4227 483 4286 serti
514 4223 779 4282 moriendi
812 4220 1081 4281 ordinem,
1104 4224 1163 4271 ut
1190 4229 1251 4271 se
1278 4225 1437 4268 nemo
1464 4207 1765 4273 subtrahat,

170 4301 294 4383 cum
329 4338 452 4381 sors
479 4320 766 4379 conveniat
808 4317 1121 4372 universos.
1170 4304 1485 4364 Istiusmodi
1528 4301 1769 4359 conditio

169 4421 241 4475 sit
280 4419 480 4482 sortis,
518 4424 581 4471 ut
606 4415 651 4470 is
681 4412 772 4485 qui
795 4419 943 4466 sorte
965 4406 1160 4464 exierit
1191 4445 1207 4471 ,
1252 4401 1322 4457 ab
1350 4414 1416 4456 eo
1465 4398 1556 4469 qui
1585 4395 1768 4467 sequi-

171 4522 286 4576 tur,
314 4508 678 4565 interimatur.
698 4502 886 4573 Itaque
903 4499 1021 4555 fore
1041 4508 1103 4552 ut
1141 4509 1261 4549 sors
1305 4501 1767 4560 unumquemque,

1875 3281 2020 3353 vulgi
2060 3283 2194 3336 iram
2226 3281 2343 3337 sine
2365 3279 2569 3349 judicio
2591 3286 2933 3347 conceptam,
2956 3276 3171 3332 silentio
3196 3277 3467 3333 dissolvit.

1878 3377 1943 3431 Et
1973 3375 2097 3445 quia
2128 3373 2196 3428 ad
2244 3372 2624 3439 hiemandum,
2667 3379 2722 3426 et
2762 3380 2973 3439 tempus
2998 3380 3387 3440 Opportunum,
3419 3380 3474 3427 et

1874 3468 2066 3524 civitas
2096 3478 2247 3532 erat,
2299 3466 2436 3520 duos
2482 3464 2704 3520 ordines
2752 3463 2807 3517 in
2852 3464 3100 3518 Caesarea
3146 3465 3425 3519 constituit
3453 3509 3466 3529 ,

1872 3560 2142 3617 decimum
2171 3574 2388 3631 quoque
2417 3566 2471 3614 et
2494 3556 2745 3629 quintum
2774 3555 3022 3611 ordinem
3067 3556 3119 3609 in
3162 3555 3296 3612 urbe
3327 3556 3465 3627 Scy-

1875 3652 2104 3724 tlmpoli,
2145 3668 2211 3707 ne
2236 3651 2486 3707 Caesarea
2531 3648 2698 3704 totius
2748 3662 2918 3702 onere
2947 3648 3221 3702 exercitus
3272 3657 3473 3703 attere-

1873 3756 2042 3806 retnr.
2106 3745 2343 3814 Ideoque
2390 3743 2519 3799 urbs
2584 3749 2885 3796 memorata
2948 3740 3129 3793 Dianm
3202 3741 3471 3812 Scythica:

1871 3846 2214 3902 consecrata,
2247 3846 2520 3906 tamquam
2544 3848 2574 3887 a
2605 3831 2820 3904 Scythis
2845 3830 3086 3894 condita,
3118 3839 3172 3885 et
3203 3833 3469 3902 appellata

1870 3934 2061 3990 civitas
2109 3929 2473 4001 Scytharum,
2532 3936 2590 3980 ut
2644 3924 2880 3980 Massilia
2933 3923 3249 3977 Graecorum
3285 3941 3298 3976 :
3334 3925 3469 3980 situs

1872 4025 1978 4081 luci
2025 4022 2264 4079 declarat
2298 4019 2591 4090 ingenitam
2622 4016 2877 4070 duritiam
2907 4014 3230 4078 conditoris,
3262 4016 3467 4085 patien-

1870 4120 1942 4174 tia
1987 4117 2160 4188 magis
2184 4129 2533 4185 camporum,
2566 4126 2725 4182 quam
2772 4108 3135 4163 conducibilia
3181 4108 3463 4165 habitatio-

1871 4216 1955 4269 nis
2010 4214 2130 4267 usui
2180 4208 2471 4278 delegisse.
2532 4214 2555 4241 (⁸
2606 4203 2850 4273 Namque
2900 4211 3090 4270 aperto
3158 4212 3213 4255 et
3269 4217 3467 4271 aspero

1871 4306 2086 4369 hiemis,
2142 4312 2198 4359 et
2252 4299 2483 4357 ferventi
2531 4307 2775 4368 tempore
2819 4296 3025 4349 aestatis
3080 4295 3199 4364 plus
3261 4295 3465 4352 laboris

1870 4399 2095 4462 habent,
2122 4409 2283 4466 quam
2312 4390 2689 4447 delectationis
2717 4403 2732 4441 :
2766 4385 3018 4456 quoniam
3048 4394 3102 4440 et
3131 4385 3310 4441 hieme
3351 4387 3467 4456 plus

1869 4490 2052 4560 frigori
2102 4494 2329 4559 patent,
2372 4492 2428 4538 et
2456 4480 2671 4553 gravior
2717 4478 2771 4533 in
2805 4478 2888 4532 his
2928 4475 3068 4531 locis
3121 4479 3322 4532 aestatis
3370 4477 3467 4533 ila-

171 4559 286 4659 non,
306 4600 528 4672 propria
570 4559 826 4651 voluntas
877 4588 1038 4647 morti
1091 4583 1384 4656 adjudicet.
1437 4580 1559 4637 Stet
1602 4559 2075 4655 igitungrantia
2104 4589 2220 4645 est,
2263 4578 2316 4632 in
2345 4574 2544 4646 quibus
2590 4572 2762 4627 sulem
2797 4579 2971 4623 totum
3030 4567 3300 4637 recipiunt
3347 4570 3466 4625 sine

169 4670 545 4766 unus—quisque
574 4690 674 4746 sub
697 4693 850 4743 sorte
895 4681 1100 4753 judice,
1133 4688 1189 4735 et
1232 4688 1425 4732 exsors
1451 4670 1681 4728 sceleris
1709 4677 1765 4725 et

170 4790 308 4846 liber
330 4764 688 4858 captivitatis,
722 4788 783 4835 ut
813 4794 919 4834 non
963 4774 1145 4833 alieno
1191 4764 1716 4838 arbitrio_acceleret
1746 4803 1762 4830 ,

170 4892 258 4939 aut
284 4881 525 4938 declinet
548 4890 670 4941 suo,
703 4879 939 4929 mortem
967 4869 1227 4924 futuram.
1277 4862 1449 4920 Nemo
1500 4871 1765 4916 recusare

172 4975 369 5048 poterit
409 4979 703 5031 eventum,
753 4979 916 5038 quem
982 4961 1069 5017 vel
1138 4973 1299 5015 casus
1352 4952 1627 5017 intulerit,
1682 4948 1765 5006 vel

172 5044 420 5124 voluntas
462 5064 556 5119 Dei
606 5058 923 5132 signaverit.
968 5053 1161 5110 Fidem
1235 5049 1363 5106 fecit
1429 5044 1665 5110 oblatio,
1711 5051 1768 5097 et

175 5161 548 5217 universorum
578 5165 837 5209 assensus
868 5148 1001 5205 sorti
1030 5142 1318 5216 acquievit.
1346 5138 1588 5209 Quisque
1618 5140 1767 5190 sorte

174 5264 254 5312 est
306 5252 657 5323 designatus,
694 5254 939 5319 paratam
976 5239 1222 5311 sequenti
1269 5249 1461 5291 necem
1509 5227 1764 5302 praebuit.

172 5347 353 5418 Itaque
412 5322 643 5407 accidit,
694 5349 754 5397 ut
818 5333 1158 5404 interemptis
1210 5322 1767 5418 reliquis,Joseplius

174 5414 291 5496 cum
321 5437 494 5493 altero
517 5439 835 5505 superesset
860 5426 1007 5485 neci.
1038 5421 1293 5480 Manebat
1322 5414 1637 5474 necessario
1662 5452 1676 5479 ,
1709 5420 1769 5469 ut

176 5542 262 5589 aut
301 5539 450 5587 sorte
477 5527 962 5591 condemnaretur,
986 5527 1077 5574 aut
1108 5524 1278 5583 certe,
1309 5511 1358 5569 si
1378 5510 1545 5568 exitio
1572 5522 1765 5579 super-

244 5706 269 5733 ιι
324 5692 458 5749 Mihi
487 5705 585 5758 pro
610 5690 665 5745 in
692 5704 792 5743 me.
825 5687 907 5744 Al.
934 5728 949 5753 ,
982 5682 1112 5738 utin
1141 5681 1355 5737 hostem.
1380 5677 1552 5736 ΒΑιιιι.

240 5764 269 5806 ιι
314 5764 677 5820 Auertionem.
710 5759 786 5816 Io.

248 5850 267 5878 ο
325 5835 678 5892 Commeatus.
708 5831 784 5886 lo.

460 5930 738 5990 Puncta
784 5923 925 5984 XV.

1864 4679 1972 4733 ulla
2009 4673 2124 4730 arvi
2165 4670 2396 4727 virentis
2449 4666 2778 4721 atncenitate.
2814 4662 3001 4732 Itaque
3049 4662 3371 4731 campestris
3410 4673 3467 4718 et

1866 4768 2139 4826 maritima
2164 4764 2315 4835 regio
2359 4766 2677 4817 memoratae
2711 4754 2892 4821 urbis,
2929 4755 3093 4811 etiam
3139 4764 3275 4827 aestu
3300 4754 3464 4811 maris

1867 4863 2102 4934 amplius
2124 4876 2184 4915 va
2196 4856 2503 4930 porabatur.

2473 4944 2703 5002 CAPUT
2733 4941 2857 4999 XX.

1942 5049 2053 5105 Nec
2082 5056 2260 5102 tamen
2290 5059 2321 5099 a
2344 5039 2573 5111 negotiis
2605 5037 2814 5093 bellicis
2869 5033 3237 5102 Vespasianus
3263 5052 3464 5093 vacuus

1870 5155 2009 5202 erat.
2048 5140 2278 5213 Cognito
2327 5135 2527 5193 etenim
2568 5133 2798 5188 diversis
2841 5147 2907 5185 ex
2962 5131 3096 5184 locis
3148 5130 3213 5185 ad
3274 5132 3461 5189 urbem

1871 5239 2080 5309 Joppen
2105 5251 2225 5291 sese
2245 5231 2541 5289 comulisse
2569 5225 2825 5298 plurimos
2842 5265 2857 5285 .
2880 5239 3109 5294 eamque
3137 5225 3238 5278 sibi
3262 5243 3466 5295 oppor.

1871 5343 2057 5389 tunam
2106 5328 2174 5385 ad
2225 5341 2487 5383 excursus
2542 5323 2843 5393 piraticos,
2895 5320 3158 5387 reparatis
3222 5318 3467 5374 aedificiis

1871 5442 1993 5499 quze
2023 5440 2053 5479 a
2081 5422 2262 5479 Cestio
2290 5419 2565 5475 destructa
2597 5416 2839 5474 fuerant,
2874 5409 3260 5465 instanravisse
3289 5426 3301 5460 :
3332 5423 3467 5478 quo—

1871 5524 2016 5579 niam
2034 5509 2244 5576 vastata
2268 5513 2510 5587 regione,
2534 5509 2832 5567 subsidium
2856 5506 3133 5561 alimonia:
3164 5505 3296 5559 mari
3320 5520 3468 5573 quae-

1948 5666 1977 5706 ἀ
2031 5664 2199 5722 Alieni
2244 5671 2392 5717 natus
2440 5665 2598 5713 sorte.
2631 5654 2707 5709 In.

1953 5750 1975 5776 ο
2032 5720 2269 5805 Namque
2297 5739 2476 5803 aperta
2502 5737 2548 5782 et
2569 5741 2754 5797 aspera
2778 5723 2940 5777 hiems
2971 5762 2986 5787 ,
3036 5730 3082 5776 et
3111 5720 3309 5789 fervens
3343 5726 3469 5774 tem—

1884 5828 1980 5887 pus
2005 5808 2216 5866 aestatis.
2250 5807 2326 5862 In.
