3964 6338
466 246 606 311 209i
1805 244 2055 306 SANCTI
2092 242 2421 306 AMBROSII
3639 246 3825 305 2093

460 367 1002 441 rebatur.diiigenter
1022 368 1325 439 exploravit
1346 368 1549 423 omnia.
1574 370 1643 422 At
1662 367 1739 423 illi
1760 375 2061 423 statuentes
2093 372 2136 430 Α
2166 367 2502 437 sequebatur
2524 407 2538 432 ,
2570 366 2968 437 qualecumque
2997 374 3177 424 tamen
3227 367 3494 424 habentes
3523 368 3817 425 solatium
3912 366 3913 435 ἲ

2171 458 2227 515 in
2259 460 2418 514 terris
2442 460 2692 530 periisse.
2724 459 3032 515 Miseranda
3063 462 3246 532 itaque
3274 460 3443 517 facies
3469 469 3593 515 erat
3617 502 3632 526 ,
3661 476 3819 516 cum

2173 566 2402 608 excusso
2426 550 2720 607 infelicium
2737 553 2967 609 cerebro
2986 562 3173 609 cautes
3193 561 3635 624 aspergerentur,
3660 569 3819 608 san-

2173 642 2336 713 guine
2360 642 2639 699 maderent
2664 644 2871 700 littora.
2902 645 3172 702 Cerneres
3203 646 3461 702 infectum
3491 646 3818 702 cruoribus

2177 752 2353 805 mare,
2376 738 2583 807 repleta
2601 740 2781 793 omnia
2805 740 3186 797 cadaveribus.
3216 740 3284 795 Et
3304 741 3348 795 si
3372 742 3461 810 qui
3486 739 3633 796 forte
3661 756 3822 796 eva—

2178 839 2383 893 serant,
2412 832 2912 903 appropinquantes
2939 831 3107 887 littori
3144 832 3654 888 interficiebantur:
3684 849 3819 888 aes-

2179 923 2496 980 timantibus
2528 924 2793 980 Romanis
2820 925 2966 994 quod
2991 942 3096 981 non
3120 942 3186 982 ex
3220 927 3464 982 locorum
3490 929 3822 996 asperitate

2180 1030 2393 1085 usuque
2418 1028 2705 1070 ventorum
2735 1017 2787 1071 in
2807 1016 2915 1071 illis
2933 1018 3065 1073 locis
3091 1016 3377 1073 desmviret
3397 1019 3662 1088 procella,
3690 1018 3818 1075 sed

461 463 774 533 lmjusmodi
802 462 1009 533 navigia
1041 478 1161 533 qute
1188 461 1312 517 usui
1354 461 1672 533 praedonum
1716 460 2069 516 accommoda

468 555 673 619 forent,
705 557 968 628 speculati
1005 558 1428 611 commeantium
1485 556 1780 622 transitus,
1818 556 2071 611 universa

472 663 641 719 prope
663 648 938 704 Phtenicis
960 657 1124 719 atque
1142 647 1367 721 Egypti
1388 650 1717 706 commercia
1743 648 2075 720 populaban-

474 748 603 806 tur;
638 741 775 796 adeo
800 751 857 797 ut
877 742 1087 797 crebra:
1133 742 1484 813 praedationis
1531 741 1866 807 terroribus,
1913 755 2077 797 omne

472 833 606 890 illud
645 849 794 889 mare
832 834 1152 889 clauderent
1178 875 1193 901 ,
1225 844 1391 906 atque
1416 835 1624 890 indubii
1671 835 1893 903 periculi
1926 843 2075 889 metu

471 924 758 996 navigandi
783 941 912 981 usus
952 927 1385 997 iuterciperetur.
1431 928 1551 997 Quo
1580 936 1862 999 comperto
1889 927 2080 996 pedes-

474 1019 573 1073 tris
602 1017 809 1075 militiae
834 1034 1050 1075 manum
1076 1031 1132 1075 et
1161 1021 1402 1090 equitum
1433 1021 1717 1090 plerosque
1740 1035 1968 1091 pergere
1984 1020 2077 1090 ju-

476 1111 601 1177 bet,
634 1119 690 1167 et
718 1120 878 1167 nocte
898 1111 1109 1181 Joppen
1141 1112 1372 1183 ingredi.
1405 1113 1558 1179 Quod
1588 1111 1745 1168 facile
1784 1112 1928 1167 factu
1958 1111 2079 1181 fuit,

475 1218 600 1260 cum
621 1204 864 1259 custodia
894 1205 1039 1260 nulla
1070 1206 1274 1261 civitati
1318 1206 1754 1277 pra-tenderetur
1779 1223 1793 1259 :
1822 1205 2080 1276 quoniam

478 1311 669 1353 eversa
722 1297 869 1351 urbis
901 1298 1079 1364 fama,
1109 1299 1284 1354 nullas
1319 1300 1619 1354 excitatura
1653 1298 1880 1353 Romani
1924 1312 2084 1353 curas

483 1389 641 1446 ducis
668 1391 1066 1446 aestimabatur.
1090 1391 1394 1449 Prtesentes
1424 1402 1603 1448 tamen
1623 1403 1779 1447 erant
1807 1410 1820 1446 :
1848 1392 1943 1447 sed
1977 1407 2084 1445 non

478 1486 593 1542 ausi
628 1486 883 1543 resistere
930 1495 1091 1556 atque
1143 1486 1447 1556 ingressum
1482 1501 1681 1556 negare
1711 1485 1971 1540 Romanis
1993 1484 2089 1538 ad-

478 1579 841 1645 venientibus,
863 1577 1092 1649 navigiis
1117 1581 1389 1646 ascensis,
1413 1579 1552 1635 ultra
1578 1580 1782 1649 jactum
1816 1579 2088 1650 progressi

480 1673 712 1744 sagittte,
743 1674 797 1728 in
830 1674 962 1728 mari
1000 1684 1473 1742 pernoctaverunt.
1502 1673 1609 1729 Bos
1636 1674 1910 1743 postulare
1939 1673 2090 1728 vide»

2183 1107 2366 1164 divina
2410 1109 2785 1181 indignatione
2836 1122 3034 1181 praeter
3085 1111 3305 1167 solitum
3352 1112 3823 1183 conspirantibus

2184 1202 2361 1255 ventis
2401 1219 2550 1257 mare
2581 1204 2986 1270 involveretur,
3042 1219 3108 1259 ne
3150 1204 3321 1261 Judaei
3364 1207 3709 1262 evaderent:
3739 1215 3821 1263 et

2187 1291 2313 1347 ideo
2346 1295 2714 1350 metuentibus
2740 1295 2818 1350 eis
2844 1311 3101 1365 parcere,
3129 1298 3329 1366 quibus
3370 1298 3520 1354 Deus
3550 1315 3662 1354 non
3695 1314 3816 1369 pe-

2187 1384 2472 1453 percisset.
2503 1385 2680 1441 Fuere
2706 1388 2796 1456 qui
2820 1401 2879 1441 se
2912 1385 3059 1441 ferro
3094 1388 3472 1444 interficerent
3498 1432 3512 1455 ,
3538 1390 3821 1444 tolerabi.

2187 1475 2290 1531 lius
2333 1478 2434 1531 rati
2495 1476 2665 1543 ferro,
2717 1492 2878 1547 quam
2920 1480 3202 1550 naufragio
3251 1484 3465 1551 perire:
3502 1479 3532 1520 ι)
3560 1482 3652 1536 alii
3704 1483 3815 1550 qui

2188 1574 2366 1625 contis
2383 1571 2705 1639 protrudere
2732 1572 3002 1635 volentes,
3019 1573 3229 1644 navigia
3248 1574 3622 1644 perforarent:
3652 1590 3811 1630 nun-

2191 1664 2346 1723 nulli.
2380 1664 2473 1733 qui
2505 1665 2685 1734 lapsos
2715 1664 2768 1720 in
2809 1680 2958 1721 mare
2979 1708 2995 1733 ,
3024 1666 3070 1721 si
3114 1668 3251 1722 forte
3281 1678 3502 1723 orarent
3544 1680 3604 1724 ut
3643 1686 3673 1722 a
3705 1684 3822 1725 na—

482 1773 589 1827 tttr,
606 1766 770 1821 situm
802 1764 999 1819 littoris
1020 1766 1139 1833 ejus
1161 1782 1268 1835 quo
1296 1768 1613 1836 praetexitur
1631 1765 1827 1836 Joppe,
1851 1765 2090 1820 breviter

2200 1755 2501 1823 rigantibus
2550 1756 2918 1824 elevarentur,
2969 1757 3136 1813 remis
3166 1758 3498 1828 repellerent
3545 1770 3639 1814 aut
3689 1761 3820 1817 telo

477 1871 781 1926 exponere;
800 1866 857 1911 ut
874 1856 1327 1928 quemadmodum
1343 1863 1463 1913 sine
1479 1858 1588 1911 ullo
1605 1857 1793 1927 prrelio
1814 1857 2086 1927 praedicta:

481 1949 603 2005 urbi
636 1948 873 2005 secunda
911 1950 1097 2005 clades
1127 1950 1325 2018 fuerit,
1367 1950 1573 2020 liquido
1620 1950 2013 2006 manifestetur.
2060 1958 2087 1988 ι

488 2040 549 2097 In
582 2052 735 2111 portu
761 2052 841 2097 est
873 2052 1064 2097 natura
1090 2044 1282 2099 civitas
1300 2084 1316 2109 ,
1345 2044 1500 2112 cujus
1527 2044 1596 2099 ab
1623 2058 1720 2098 ora
1752 2044 1919 2097 maris
1938 2043 2088 2097 littus

480 2146 733 2199 asperum
759 2131 1157 2202 directumque,
1182 2134 1280 2189 sed
1308 2135 1570 2189 cornibus
1599 2133 1869 2203 utrimque
1893 2134 2088 2189 leviter

488 2224 747 2291 inflexum
786 2241 800 2278 :
829 2224 882 2280 itt
912 2225 1108 2295 quibus
1137 2225 1418 2296 profundae
1451 2243 1613 2297 rupes
1636 2242 1876 2296 saxaque
1902 2227 2091 2295 ingen-

481 2317 573 2383 tia,
607 2333 726 2385 qua:
760 2319 894 2372 mari
924 2319 1269 2387 prominent,
1304 2330 1508 2376 etcum
1539 2321 1609 2375 de
1632 2321 1740 2375 imo
1770 2321 1935 2376 maris
1963 2337 2089 2375 sur-

482 2423 613 2482 gant
637 2454 652 2479 ,
676 2412 730 2467 in
757 2427 906 2467 mare
935 2424 1230 2468 excurrunt
1265 2423 1442 2470 tamen
1470 2432 1483 2467 :
1518 2414 1659 2468 unde
1680 2416 1845 2469 etiam
1878 2414 2091 2469 Andro—

485 2505 701 2562 medam
745 2505 855 2560 illic
904 2504 1074 2561 fuisse
1122 2521 1245 2560 cum
1289 2516 1412 2561 ceto
1440 2505 1845 2576 oltjretaretur,
1902 2505 2091 2560 forma:

485 2602 730 2656 locorum
756 2611 920 2668 atque
947 2602 1077 2670 ipsae
1102 2615 1285 2655 rerum
1317 2601 1528 2667 species
1562 2599 1796 2667 prodere
1812 2598 2087 2665 videntur,

481 2708 590 2748 non
606 2694 935 2749 mediocrem
951 2694 1176 2748 vetustis
1194 2692 1390 2748 fabulis
1413 2692 1573 2748 fidem
1593 2691 2088 2747 accommodantes.

483 2783 832 2840 Cmdetttibus
875 2786 1056 2856 itaque
1111 2785 1264 2840 littus
1313 2785 1563 2842 adversis
1595 2785 1784 2843 Boreae
1835 2783 2089 2849 flatibus,

485 2874 725 2930 immane
744 2884 1006 2945 quantum
1036 2875 1179 2930 unde
1208 2876 1568 2931 attolluntur:
1601 2892 1722 2946 quae
1751 2875 1995 2945 scopulis
2024 2874 2092 2929 il-

484 2966 601 3022 lis:e
634 2967 901 3030 fragorem
934 2968 1207 3037 ingentem
1238 2968 1501 3032 evritant,
1521 2977 1684 3035 atque
1712 2969 1765 3021 itt
1787 2968 1981 3022 ﬂuctus
2005 2982 2091 3021 re-

489 3059 656 3127 lapsa:
685 3058 987 3127 inquietum
1018 3057 1170 3112 illum
1205 3061 1369 3113 maris
1397 3059 1575 3113 sinum
1606 3058 1860 3124 reddunt,
1894 3068 1953 3113 ut
1973 3057 2094 3126 plus

2187 1847 2442 1904 ferirent.
2461 1849 2620 1916 Quod
2652 1849 2774 1905 ideo
2796 1867 2905 1905 non
2940 1851 3304 1921 praetermisi,
3353 1868 3466 1923 quo
3495 1853 3710 1909 clareat
3728 1853 3817 1909 ab

2190 1941 2324 2010 ipsis
2350 1943 2449 1995 sibi
2480 1941 2793 1997 Iudaeorum
2822 1945 3061 2014 populis.
3092 1960 3253 2015 quam
3283 1945 3349 2000 ab
3381 1948 3538 2001 hoste
3583 1948 3818 2017 pericu—

2190 2032 2303 2087 lum
2347 2033 2520 2103 majus
2552 2033 2740 2100 luisse,
2769 2035 2861 2104 qui
2892 2034 3101 2104 seipsos
3147 2035 3533 2092 interimebant
3576 2052 3591 2087 :
3644 2038 3815 2107 quasi

2191 2125 2384 2193 exigua
2415 2135 2601 2182 essent
2624 2127 2691 2181 ad
2720 2143 2908 2182 eorum
2932 2129 3167 2192 exitum,
3193 2128 3383 2183 infesta
3405 2131 3569 2185 simul
3591 2132 3811 2197 omnia,

2191 2218 2389 2273 malum
2416 2260 2431 2282 ,
2460 2219 2660 2287 hostis,
2706 2236 2887 2284 mare.
2923 2237 3105 2290 rupes.
3135 2221 3382 2289 Quatuor
3418 2225 3606 2295 itaque
3634 2226 3811 2280 millia

2188 2309 2595 2381 quingentaque
2647 2311 3028 2368 defunctorum
3083 2324 3368 2370 numerata
3399 2330 3633 2387 corpora
3680 2332 3813 2387 qua:

2194 2401 2487 2471 despuerat
2510 2418 2662 2459 mare
2687 2420 2701 2470 ;
2732 2406 2853 2460 sine
2875 2405 3021 2461 bello
3049 2418 3204 2476 capta
3229 2407 3357 2462 urbs
3380 2449 3395 2472 ,
3450 2419 3505 2464 et
3552 2411 3738 2463 excisa
3772 2424 3813 2463 a

2196 2493 2588 2551 fundamentis.
2624 2497 2713 2553 Sic
2743 2498 2795 2551 in
2839 2498 2986 2554 brevi
3020 2509 3302 2569 tempore.
3334 2502 3566 2556 secundo
3582 2501 3811 2573 Joppen

2190 2587 2435 2645 Romana
2477 2606 2669 2647 manus
2697 2591 2883 2647 diruit.
2914 2591 3068 2660 Quod
3089 2592 3213 2661 jure
3257 2593 3612 2663 Vespasianus
3650 2610 3809 2665 prae-

2193 2680 2500 2749 cipiendum
2555 2683 2800 2752 putavit,
2826 2699 2894 2737 ne
2935 2683 3130 2738 iterum
3165 2684 3279 2739 illic
3326 2686 3551 2754 piratica
3597 2688 3810 2744 conde-

2195 2782 2387 2829 rentur
2415 2773 2738 2830 habitacula.
2770 2773 2926 2830 Unde
2966 2784 3021 2831 et
3044 2776 3341 2845 equitatum
3379 2792 3445 2833 eo
3476 2778 3605 2845 loci,
3649 2779 3806 2835 illinc

2193 2880 2317 2920 cum
2342 2867 2609 2935 peditibus
2640 2868 3131 2937 paucioribuslicet
3158 2871 3535 2940 proficiscens,
3562 2873 3807 2943 reliquit,

2196 2969 2251 3014 ut
2281 2960 2493 3031 pedites
2516 2961 2566 3015 iit
2596 2962 2717 3017 loco
2742 2974 3047 3028 manerent,
3074 2978 3143 3021 ne
3166 2963 3294 3033 quid
3318 2965 3547 3019 auderet
3591 2966 3810 3035 pra-do-

2199 3068 2325 3107 tmm
2352 3070 2543 3108 manus
2572 3064 2789 3109 assueta
2821 3054 3164 3111 latrociniis:
3193 3056 3411 3126 equites
3450 3066 3633 3112 autem
3682 3074 3810 3128 per—

488 3150 722 3222 periculi
756 3150 809 3205 itt
841 3163 998 3222 portu
1031 3167 1193 3222 quam
1244 3152 1298 3206 in
1347 3151 1567 3208 deserto
1597 3153 1688 3207 sit.
1737 3151 1794 3207 In
1825 3167 1891 3207 eo
1933 3152 2095 3223 igitur
2121 3148 2168 3214 Ο
2198 3153 2489 3201 cursareut
2515 3146 2739 3201 finitima
2762 3146 3004 3216 regionis
3033 3146 3288 3217 vicosque
3328 3158 3385 3202 et
3418 3149 3617 3217 Oppida
3647 3189 3663 3214 ,
3692 3166 3808 3220 quo

491 3240 879 3298 ﬂuctuantibus
904 3242 1147 3313 scaphis,
1176 3257 1311 3314 quas
1335 3259 1399 3297 ex
1432 3242 1609 3312 Joppe
1639 3243 1771 3298 urbe
1805 3243 2096 3312 productas

492 3347 657 3404 supra
690 3335 927 3391 diximus
953 3377 967 3402 ,
1021 3335 1087 3390 ad
1118 3337 1444 3391 matutinum
1491 3336 1653 3391 ﬂatus
1683 3335 1982 3391 vehemens
2016 3336 2099 3391 in-

492 3429 673 3499 gruit,
701 3445 863 3499 quem
893 3428 1310 3489 Melamburium
1341 3445 1438 3499 per
1463 3445 1526 3484 ca
1560 3431 1802 3485 locorum
1835 3430 2096 3499 navigan-

501 3535 581 3580 tes
627 3532 866 3589 vocant,
896 3525 1189 3593 statimque
1220 3525 1363 3579 inter
1391 3539 1451 3579 se
1482 3523 1642 3578 undis
1697 3524 2100 3593 impellentibus

499 3617 733 3687 scaphas
779 3617 999 3673 miscuit
1026 3629 1191 3688 atque
1218 3616 1469 3672 involvit.
1495 3615 1647 3672 Alias
1676 3619 1850 3687 ruptis
1898 3618 2103 3674 ancho-

495 3704 703 3760 ralibus
728 3704 837 3773 egit
860 3704 913 3757 in
949 3715 1194 3775 petram:
1245 3705 1366 3759 aliis
1391 3720 1514 3761 cum
1539 3706 1591 3758 itt
1621 3706 1908 3760 adversum
1953 3720 2104 3762 mare

493 3796 762 3857 violenter
790 3797 1220 3868 subrigereutur,
1251 3797 1433 3854 saxosi
1454 3798 1652 3854 littoris
1672 3798 1993 3868 periculum,
2016 3799 2103 3856 vel

496 3905 529 3945 a
565 3891 827 3947 Romanis
848 3892 942 3962 qui
993 3908 1051 3947 se
1082 3893 1549 3948 circumfuderunt
1578 3894 1771 3959 littori,
1803 3897 1981 3951 nautis
2026 3894 2107 3950 fu—

500 3985 792 4056 gientibus,
826 3985 1011 4043 clades
1039 3986 1285 4041 occurrit
1308 4028 1321 4052 ,
1359 3987 1614 4058 undaque
1659 3988 1915 4057 praecelsa
1951 4002 2105 4044 more

500 4076 914 4146 supereminens
940 4091 1237 4146 oppressos
1268 4076 1554 4133 demersit.
1599 4079 1709 4135 Nec
1754 4078 2105 4150 confugiendi

495 4169 641 4223 ullus
671 4177 788 4222 erat
817 4169 988 4234 locus,
1025 4184 1123 4223 nec
1157 4169 1409 4225 manendi
1457 4186 1606 4238 spes,
1640 4186 1762 4226 cum
1805 4182 1997 4227 ventus
2029 4171 2099 4228 de

502 4260 643 4319 mari
672 4260 1017 4330 expelleret,
1068 4261 1301 4316 [lutitani
1336 4262 1470 4317 urbe
1498 4264 1877 4318 excluderent.
1911 4264 2106 4320 Gravis

504 4363 625 4415 erat
655 4356 991 4427 navigiorum
1020 4370 1188 4410 sonus
1208 4398 1223 4422 ,
1253 4371 1376 4411 cum
1409 4358 1549 4414 inter
1585 4374 1645 4413 se
1674 4358 2063 4416 coliidet‘entur
2090 4378 2105 4415 :

503 4445 867 4503 intolerabilis
895 4446 1171 4501 hominum
1212 4448 1482 4518 gemitus,
1530 4463 1653 4504 cum
1702 4447 2102 4520 frangerentur.

2202 3241 2417 3311 penitus
2467 3238 2789 3312 omnia(ne
2815 3241 3196 3312 conspirarent
3242 3241 3295 3296 in
3334 3240 3549 3311 aliquos
3593 3243 3807 3315 ausus)

2199 3331 2568 3390 diruerentur.

2814 3424 3045 3482 CAPUT
3092 3426 3237 3483 XXI.
3432 3458 3449 3497 μ

2278 3518 2412 3573 Dum
2464 3519 2579 3573 haec
2620 3519 2672 3573 in
2716 3518 2892 3590 Joppe
2948 3529 3249 3590 geruntur,
3308 3521 3561 3591 quamvis
3617 3521 3815 3591 procul

2204 3610 2686 3682 Hierosoiytnitani
2719 3612 2999 3683 degerent,
3027 3628 3127 3669 nec
3143 3614 3227 3669 sic
3254 3613 3477 3685 quidem
3524 3631 3553 3669 a
3582 3630 3816 3671 consor-

2204 3704 2281 3758 tio
2302 3703 2473 3758 cladis
2496 3702 2851 3760 feriabantur.
2879 3705 3092 3762 Auditis
3118 3708 3285 3773 enim,
3315 3721 3439 3778 qua:
3464 3718 3617 3776 gesta
3648 3723 3678 3761 a
3702 3706 3819 3763 Ro-

2206 3800 2381 3852 manis
2409 3799 2623 3853 fuerant
2646 3801 2699 3854 in
2729 3798 2950 3867 Judaea;
2982 3808 3038 3854 et
3061 3802 3319 3867 maxime,
3347 3803 3471 3872 quia
3508 3801 3816 3872 Josepltum

2205 3891 2551 3949 interfectum
2598 3904 3019 3964 compererant,
3050 3894 3228 3964 primo
3255 3937 3271 3960 ,
3298 3898 3423 3963 quia
3455 3894 3524 3953 de
3567 3896 3706 3951 locis
3741 3896 3816 3952 ad

2207 3998 2302 4038 cos
2334 3984 2494 4038 index
2525 3984 2703 4043 nullus
2731 3985 3065 4051 advenerat,
3107 4002 3214 4042 non
3240 3986 3586 4042 credebant:
3613 3988 3816 4044 deinde

2208 4074 2399 4130 ducem
2430 4084 2638 4131 tantum
2680 4094 2785 4133 non
2818 4090 3021 4134 temere
3053 4079 3105 4133 iit
3150 4095 3343 4137 manus
3392 4079 3633 4136 hostium
3670 4080 3811 4136 inci-

2207 4168 2353 4224 disse
2380 4169 2807 4225 arbitrabantur.
2837 4170 2903 4227 Et
2934 4187 3122 4231 revera
3148 4172 3331 4229 nullus
3381 4172 3607 4230 nuntius
3651 4180 3816 4228 tanta:

2209 4262 2379 4316 cladis
2404 4264 2768 4330 superfuerat,
2819 4275 2840 4302 ε
2869 4265 3048 4321 ethoc
3090 4267 3265 4335 ipsum
3324 4266 3567 4336 supremi
3610 4266 3816 4323 excidii

2183 4353 2377 4426 fama,
2406 4355 2529 4426 quia
2556 4357 2736 4412 nullus
2756 4355 2916 4412 index
2951 4370 3259 4427 supererat,
3279 4360 3561 4415 astruebat
3584 4361 3813 4431 periisse

2211 4450 2429 4518 omnia,
2467 4451 2704 4522 nihilque
2757 4454 3027 4511 resedisse
3078 4457 3161 4511 vel
3186 4455 3255 4509 ad
3314 4456 3573 4512 indicium
3627 4472 3809 4513 rerum

503 4539 607 4608 Qui
638 4539 729 4593 tibi
758 4539 1142 4597 vacillantlbus
1171 4540 1339 4595 alveis
1361 4542 1617 4597 videbant
1646 4557 1797 4599 mare
1833 4544 2099 4612 irrumpe-
2132 4539 2182 4601 D
2208 4549 2505 4612 gestarum.
2536 4542 2784 4599 Manebat
2806 4545 2995 4614 opinio
3021 4546 3217 4617 quovis
3246 4548 3419 4617 major
3442 4549 3641 4613 relatu,
3666 4548 3812 4620 quod

505 4647 568 4688 re
589 4673 604 4698 ,
636 4632 724 4687 alii
757 4648 816 4687 se
854 4632 1269 4703 praecipitabant
1315 4636 1534 4691 natandi
1569 4636 1762 4707 peritia
1791 4654 1806 4690 :
1854 4638 1946 4692 alii
1976 4636 2103 4693 dum

504 4722 560 4779 in
590 4725 1088 4796 appropinquantes
1115 4726 1376 4783 exsiliunt
1406 4728 1656 4797 scaphas,
1688 4729 1740 4784 in
1766 4745 1913 4785 mare
1944 4730 2105 4799 lapsi,

503 4830 772 4872 concursu
794 4817 1070 4872 alveorum
1096 4819 1534 4887 proterebantur.
1558 4821 1809 4891 Plerique
1834 4836 1955 4877 cum
1978 4823 2109 4890 ipsis

510 4908 568 4964 in
593 4908 863 4979 profundo
915 4910 1169 4966 sidebant
1199 4913 1621 4983 myoparonibus
1645 4955 1661 4979 ,
1687 4928 1824 4984 quos
1857 4916 2110 4970 cttatattdi

508 5003 704 5059 fiducia
736 5004 1091 5071 destituerat,
1123 5006 1333 5062 minore
1366 5016 1546 5062 tamen
1577 5009 1821 5064 cruciatu
1845 5051 1861 5077 ,
1914 5010 2113 5079 quibus

508 5110 602 5152 ars
631 5097 840 5163 deerat,
875 5099 955 5153 vel
980 5114 1109 5169 spes
1139 5100 1244 5154 ulla
1272 5108 1735 5156 tentamentorum
1767 5117 1914 5157 tnors
1936 5114 2113 5157 trans-

510 5189 729 5263 figebat.
762 5192 1031 5247 Caeterum
1062 5206 1248 5250 natare
1278 5194 1545 5261 adursos,
1577 5196 1835 5252 convulsa
1892 5197 2111 5251 navium

507 5282 810 5355 fragmenta
829 5286 1037 5345 crebris
1059 5286 1373 5354 quatiebant
1394 5287 1615 5348 ictibus,
1649 5288 2021 5358 lateribusque
2046 5289 2111 5343 il-

505 5373 607 5430 lisa
636 5376 866 5453 miseros
895 5385 1047 5431 artus
1078 5376 1219 5435 foede
1250 5377 1604 5443 mulctabant,
1632 5387 1724 5433 aut
1751 5378 1987 5448 seopulis
2011 5378 2111 5433 im-

504 5469 693 5537 pulsos
751 5469 892 5527 inter
934 5469 1049 5539 ipsa
1094 5469 1458 5541 amplectendi
1489 5469 1689 5527 littoris
1729 5480 1853 5528 vota
1879 5511 1895 5538 ,
1959 5486 2109 5549 mors

578 5618 604 5679 9
657 5607 1007 5679 Ιηιρονιιιοια
1020 5614 1116 5663 est.
1141 5606 1318 5663 BARR.

580 5677 607 5717 ι’
646 5677 843 5736 Alieni.
873 5681 951 5736 In.

580 5746 617 5786 ί
650 5749 715 5803 Et
741 5746 991 5825 hocipso.
1018 5748 1189 5808 Paulo
1233 5758 1378 5817 ante,
1439 5749 1598 5806 cladi.
1628 5749 1773 5828 Mox.
1805 5765 1939 5809 vero
1987 5767 2103 5807 ma-

2214 4636 2327 4704 ipsa
2342 4635 2584 4691 incertos
2596 4635 2722 4691 dum
2742 4633 2768 4672 ἀ
2791 4647 2977 4693 tenent
2992 4639 3231 4705 silentia,
3246 4640 3613 4696 credebantur
3631 4642 3812 4697 omnia

2216 4744 2335 4799 qure
2376 4727 2742 4791 timebantur:
2777 4740 3094 4803 tantumque
3123 4734 3330 4800 aberat,
3361 4749 3469 4805 quo
3499 4737 3686 4790 verius
3714 4736 3814 4790 ali-

2215 4821 2343 4890 quid
2377 4823 2738 4887 nutttiaretur,
2769 4832 2829 4879 ut
2853 4826 3017 4880 etiam
3049 4840 3172 4897 quas
3212 4838 3364 4897 gesta
3395 4844 3502 4882 non
3552 4827 3774 4884 fuerant
3798 4871 3815 4892 ,

2216 4914 2600 4984 adjicerentnr.
2619 4916 2750 4972 Nam
2766 4917 3064 4987 Jusepltutn
3079 4936 3294 4990 quoque
3310 4920 3654 4979 interfecmtn
3673 4921 3816 4979 fama

2217 5010 2584 5075 asseverabat,
2616 5011 2778 5082 idque
2803 5011 2976 5068 dolori
3006 5015 3245 5068 maxime
3268 5012 3365 5067 fuit
3390 5014 3681 5069 universis.
3705 5015 3813 5071 Sed

2216 5103 2307 5159 ubi
2361 5118 2486 5158 eum
2519 5105 2659 5174 apud
2714 5103 2992 5161 Romanos
3011 5105 3209 5177 degere
3247 5114 3589 5177 compertum
3613 5147 3630 5173 ,
3663 5115 3817 5168 tanto

2216 5196 2343 5251 odio
2370 5197 2836 5267 prosequebantur
2858 5236 2874 5260 .
2918 5208 2975 5252 ut
3000 5198 3155 5267 cujus
3194 5198 3372 5266 primo
3403 5207 3638 5254 mortem
3663 5200 3817 5256 dole-

2217 5286 2367 5355 bant,
2398 5289 2644 5355 ejusdem
2692 5290 2859 5344 vitam
2892 5289 2975 5345 vel
3000 5289 3221 5360 ignaviae
3249 5289 3331 5343 vel
3362 5290 3690 5360 proditionis
3736 5293 3815 5346 in-

2218 5379 2391 5435 dicent
2419 5380 2847 5436 detestarentur.
2876 5380 3017 5436 Hinc
3058 5381 3234 5451 major
3260 5382 3314 5437 in
3338 5381 3619 5439 Romanos
3666 5398 3815 5439 com-

2217 5473 2408 5539 motio,
2435 5482 2492 5528 ut
2514 5488 2574 5530 se
2603 5474 2671 5531 de
2692 5471 2932 5544 Josepho
2960 5474 3378 5531 ulciscerentur.
3411 5475 3482 5532 Et
3504 5492 3616 5548 quo
3644 5476 3811 5548 magis

2199 5612 2354 5668 nabat
2375 5629 2472 5681 pro
2500 5615 2765 5671 manebat.
2800 5616 2879 5674 In.

2281 5682 2309 5723 ά
2352 5684 2590 5742 Terreat.
2613 5685 2697 5743 ID.
