3964 6340
202 298 358 371 9093

1087 302 1358 371 HISTOR.
1401 309 1493 368 DE
1534 300 1813 366 EXCIDIO
1848 300 2119 368 BIEROB.
2160 310 2367 371 URBIS
2402 315 2534 373 LIB.
2571 308 2664 376 III.

3377 318 3521 387 ποθι

207 449 402 493 eorum
428 451 515 495 res
538 437 921 507 inclinabatur,
946 453 1012 497 eo
1038 440 1270 508 amplius
1298 439 1351 494 in
1388 440 1592 496 bellum
1623 455 1825 497 arcen-
1851 431 1901 490 Α
1932 445 2216 522 fugerent;
2246 447 2291 502 si
2318 444 2491 501 navali
2514 447 2812 503 certamine
2835 455 2861 486 ι
2885 446 3147 504 cederent
3168 490 3183 516 ,
3210 447 3401 504 urbem
3432 466 3523 505 re-

207 527 507 585 debantur.
546 529 650 587 Ubi
684 532 810 588 linis
858 547 982 588 esse
1030 531 1334 597 debuerat,
1369 532 1493 588 inde
1518 532 1800 589 exordium

211 622 485 678 malorum
555 624 960 692 capessebatur.
1004 624 1137 680 Nam
1198 626 1534 694 sapientibus
1601 629 1815 686 adversi

210 717 398 772 exitus
426 733 629 783 rerum,
663 717 729 773 ad
761 718 1061 774 cavendum
1084 720 1257 791 magis
1286 720 1612 778 documento
1644 732 1769 780 sunt
1798 765 1813 787 ,

213 825 287 866 ne
316 827 502 867 rursus
528 811 718 867 eadem
766 811 1015 867 accidant
1042 828 1166 883 qua:
1190 814 1301 884 jam
1331 815 1471 872 male
1501 825 1813 872 cesserunt:

209 904 1185 975 imprudentilmsautemincentivum
1201 908 1562 964 miseriarum.
1594 910 1815 966 Debue-

209 1006 301 1052 rat
322 1012 453 1068 ergo
471 997 979 1070 Hierosolymitanis
994 1013 1155 1055 causa
1174 1001 1485 1057 sobrietatis
1500 1016 1622 1057 esse
1643 1002 1820 1057 socio-

209 1102 338 1143 rum
364 1089 659 1157 periculum
688 1107 700 1141 :
731 1090 827 1145 sed
845 1092 970 1162 quia
1004 1093 1299 1147 noluerunt
1319 1093 1623 1166 intelligere
1645 1105 1704 1149 ttt
1724 1094 1820 1149 be-

204 1195 285 1235 ne
315 1190 541 1252 agerent
567 1224 580 1248 ,
615 1183 669 1236 itt
701 1182 927 1239 exitium
961 1185 1127 1240 vertit
1156 1183 1330 1259 (Psat.
1350 1202 1513 1251 xxxv,
1542 1186 1617 1258 4).

787 1273 1022 1331 CAPUT
1069 1275 1239 1331 XXII.

291 1362 659 1433 Vespasianus
711 1376 893 1422 tamen
919 1408 934 1434 ,
971 1375 1027 1422 nt
1057 1377 1113 1424 et
1165 1370 1280 1440 ipsa
1336 1383 1488 1424 mora
1524 1369 1576 1423 in
1626 1370 1819 1425 melius

210 1456 529 1514 consuleret
568 1458 670 1514 sibi
697 1500 711 1521 ,
741 1467 798 1515 et
826 1474 857 1515 a
886 1460 1075 1517 labore
1103 1462 1377 1517 exercitus
1408 1461 1687 1533 paulisper
1734 1479 1825 1521 re-

198 1550 544 1620 quiesceret,
580 1552 792 1621 roganti
819 1554 986 1609 cessit
1012 1555 1301 1625 Agrippac,
1331 1566 1391 1609 ut
1422 1554 1475 1609 in
1504 1555 1639 1610 urbe
1671 1557 1822 1626 regni

208 1644 336 1713 ejus
361 1641 623 1701 Ctesarma
652 1645 890 1718 Philippi
924 1648 1110 1720 viginti
1147 1647 1263 1705 fere
1285 1650 1659 1720 interponeret
1679 1650 1819 1715 dies,

211 1738 380 1793 sitnnl
411 1746 471 1793 ut
492 1755 632 1812 aegra
659 1742 895 1812 partium
926 1742 1045 1812 ejus
1068 1756 1096 1795 a
1120 1743 1504 1797 commotionis
1529 1753 1583 1799 et
1611 1742 1819 1797 discor-

1916 543 2192 609 viserent,
2247 542 2526 611 murisque
2575 554 2697 596 sese
2747 539 3111 596 ambientibus
3140 539 3507 597 defcnsarent.

1913 632 2229 691 Consimilia
2249 633 2539 702 utrobique
2568 631 2842 702 praesidia,
2865 631 2950 687 vel
2980 631 3032 686 in
3051 632 3187 689 urbe
3203 631 3513 699 Tiberiade,

1916 726 2000 782 vel
2032 725 2336 782 Taricheis.
2382 724 2490 781 Sed
2536 722 2826 781 Taricbeis
2870 721 2900 762 ιι
2934 724 3239 794 perniciora
3267 724 3519 795 ingenia:

1916 820 2090 875 muris
2117 818 2349 875 validior
2380 816 2705 874 Tiberiadis.
2738 815 2845 872 Sed
2873 827 2929 874 et
2953 815 3343 873 Tarichcorum
3373 818 3524 873 furor

1919 910 2243 980 promptior,
2270 919 2329 965 nt
2350 910 2392 964 si
2417 924 2641 965 necesse
2658 917 2826 975 esset,
2854 910 3146 966 miscerent
3171 910 3387 966 omnia:
3421 925 3520 964 na-

1920 990 2061 1057 valia
2112 1004 2345 1059 terrenis
2370 1003 2695 1070 certamina,
2727 1012 2941 1058 terrena
2973 1002 3240 1059 classicis.
3277 1002 3523 1074 Denique

1920 1094 2334 1161 circumvallati,
2358 1094 2585 1150 adversa
2611 1095 2888 1162 acie,cnm
2911 1093 3122 1165 majora
3151 1094 3414 1149 auderent
3445 1094 3525 1149 vi-

1921 1185 2095 1253 ribus,
2142 1201 2243 1242 nec
2283 1186 2545 1242 adversus
2574 1185 2951 1257 diSpositionis
2983 1185 3243 1241 Romanae
3272 1186 3524 1243 modera-

1923 1278 2101 1348 mina,
2137 1279 2378 1335 veterani
2412 1294 2627 1350 quoque
2646 1278 2916 1335 exercitus
2943 1278 3195 1335 virtutem
3229 1278 3521 1349 quidquam

1924 1372 2203 1427 temeritas
2235 1380 2616 1442 promoveret;
2649 1370 3185 1442 priusquatnaliquid
3223 1369 3375 1425 exitii
3399 1368 3527 1423 sub-

1926 1464 2091 1531 irent,
2134 1467 2275 1521 versi
2325 1466 2378 1520 in
2406 1464 2609 1536 fugam,
2635 1464 2701 1519 ad
2732 1479 2898 1521 naves
2921 1464 3300 1521 convulavere.
3320 1463 3528 1532 Quibus

1926 1555 2187 1612 confertis
2215 1600 2229 1624 ,
2262 1565 2536 1627 tamquam
2566 1555 2795 1612 densata
2819 1549 2939 1612 acie
2971 1556 3319 1626 prmliabatur
3341 1598 3357 1624 ,
3388 1570 3454 1613 ac
3481 1555 3529 1612 si

1926 1651 1983 1706 in
2014 1651 2174 1707 terris
2198 1666 2357 1705 manu
2390 1666 2477 1706 res
2504 1660 2809 1722 gereretur.
2842 1650 2899 1705 In
2929 1665 3121 1720 campo
3144 1651 3306 1705 etiam
3339 1648 3526 1704 multi-

1928 1745 2059 1800 tudo
2091 1744 2501 1801 innumerabilis
2540 1744 2749 1800 hostem
2769 1744 3209 1815 prtestolabatur.
3232 1743 3313 1799 Eo
3339 1742 3530 1814 Cogni-

211 1830 322 1885 dia:
355 1830 537 1887 furore
564 1832 977 1904 resipiscerent,
1000 1833 1173 1904 quise
1205 1834 1511 1890 interventu
1535 1836 1678 1906 regis
1703 1851 1823 1890 sus—
1848 1816 1899 1877 Β
1930 1849 1983 1894 ιο
2010 1837 2178 1893 tilium
2207 1854 2329 1894 eum
2363 1838 2590 1894 delectis
2617 1836 2893 1909 equitibus
2922 1836 3287 1907 VeSpasianus
3308 1834 3526 1891 direxit.

208 1924 325 1995 cipi
359 1939 519 1997 posse
544 1967 558 1991 ,
584 1927 629 1981 si
658 1935 1115 1983 converterentur
1141 1968 1155 1991 ,
1189 1942 1486 1997 agnoscere
1512 1927 1777 1983 deberent
1803 1969 1818 1995 ,

210 2031 340 2072 cum
388 2029 494 2072 tam
544 2019 732 2074 sedula
762 2018 1066 2075 ofﬁciorum
1117 2020 1319 2076 foedera
1360 2021 1503 2078 inter
1557 2036 1738 2092 regem
1767 2032 1823 2078 et

212 2108 492 2165 Romnnos
544 2112 960 2167 intervenirent.
1009 2114 1251 2183 Denique
1299 2113 1549 2169 Tiberias
1574 2114 1820 2186 proxima

210 2206 482 2261 Cmsarere
521 2207 823 2263 remedium
854 2223 961 2263 non
986 2207 1210 2271 abnuit,
1261 2209 1546 2265 sanitatem
1592 2210 1817 2265 invenit.

208 2298 349 2354 Nam
376 2311 431 2355 et
451 2301 565 2371 ipsa
606 2303 757 2371 gravi
788 2302 979 2356 morbo
1009 2301 1329 2357 dissidentis
1371 2303 1513 2358 inter
1542 2319 1603 2360 se
1643 2304 1819 2374 plebis

210 2394 576 2450 exaestuabat.
609 2393 764 2450 Unde
793 2393 1164 2464 VeSpasianus
1191 2404 1301 2450 tres
1333 2393 1559 2450 ordines
1587 2394 1821 2451 validio-

212 2503 309 2544 rcs
336 2487 523 2554 acciri,
559 2498 611 2542 et
633 2487 1010 2559 Scythopolim
1046 2495 1235 2556 petere
1258 2528 1272 2552 ,
1317 2487 1526 2542 directo
1553 2487 1605 2542 in
1656 2504 1822 2559 nego-

212 2583 353 2637 tium
385 2581 496 2636 filio
524 2580 793 2636 decernit.
825 2581 899 2636 Ea
933 2589 1047 2635 erat
1077 2580 1265 2637 decem
1290 2581 1506 2636 urbium
1550 2582 1779 2638 maxima
1802 2626 1817 2651 ,

212 2674 396 2729 vicina
420 2672 743 2727 Tiberiadis.
770 2670 902 2727 Inde
924 2672 1365 2742 appropinquare
1387 2674 1555 2729 muris
1577 2673 1821 2730 Valeria-

213 2781 348 2820 num
374 2779 498 2820 cum
524 2764 914 2834 quinquaginta
956 2764 1403 2834 equitibusjubet
1429 2808 1442 2832 ,
1472 2767 1561 2835 qui
1597 2768 1819 2836 pacifica

210 2857 498 2920 suaderet.
528 2868 583 2913 et
612 2857 678 2912 ad
712 2856 873 2911 fidem
906 2857 1187 2912 societatis
1215 2859 1433 2912 clausos
1466 2867 1689 2913 vocaret
1714 2900 1727 2920 ,
1759 2868 1821 2914 ut

210 2951 533 3023 congregati
562 2950 833 3006 exercitus
863 2960 1060 3016 terror,
1080 2965 1303 3006 aversos
1324 2952 1664 3021 percellerct,
1684 2968 1821 3007 nun-

214 3045 331 3100 tius
370 3044 520 3113 pacis
549 3046 793 3099 volentes
822 3044 1096 3099 invitaret.
1128 3043 1450 3099 Valerianus
1498 3060 1670 3116 prope
1698 3062 1820 3100 mn-

215 3154 315 3195 ros
345 3153 486 3208 equo
533 3138 766 3192 desiliit:
798 3137 989 3193 eadem
1016 3136 1197 3193 fecere
1226 3138 1390 3192 etiam
1414 3139 1447 3191 ii
1477 3179 1493 3205 ,
1525 3140 1616 3206 qui
1662 3138 1820 3193 simul

1923 1933 2025 2002 Qui
2056 1933 2143 1987 ubi
2176 1948 2235 1989 se
2274 1932 2582 2004 ingentibus
2609 1929 2998 1986 circumfusum
3027 1930 3200 2000 copiis
3257 1928 3430 1994 vidit,
3460 1928 3529 1983 ad

1923 2037 2131 2096 patrem
2164 2026 2377 2099 quidem
2406 2025 2596 2082 retulit
2618 2025 2879 2096 majorem
2902 2038 3027 2080 esse
3048 2024 3290 2077 hostium
3340 2021 3527 2077 multi-

1924 2119 2188 2183 tudinetn,
2219 2133 2378 2188 quam
2404 2118 2587 2187 opinio
2611 2115 3133 2187 comprehenderat:
3185 2112 3282 2169 sed
3310 2128 3525 2169 convo-

1923 2212 2058 2266 catis
2104 2226 2239 2282 quos
2296 2225 2477 2266 secum
2521 2211 2855 2277 deduxerat,
2907 2208 3147 2267 bellandi
3193 2208 3526 2265 incentivum

1925 2306 2233 2377 hujttsmodi
2264 2305 2501 2377 alloquio
2530 2304 2747 2361 infudit.
3522 2314 3528 2319 ‘

2479 2395 2713 2454 CAPUT
2773 2393 2970 2452 XXIV.

1999 2488 2146 2556 Viri,
2181 2490 2390 2563 inquit,
2420 2490 2690 2558 Romani,
2720 2491 3036 2545 meminisse
3063 2489 3206 2545 enim
3235 2490 3405 2545 vestri
3432 2504 3528 2545 vos

1925 2582 2163 2637 nominis
2189 2592 2240 2637 et
2267 2583 2483 2653 generis
2507 2582 2845 2652 prmliaturos
2872 2582 3050 2646 decet,
3078 2598 3310 2657 quorum
3334 2597 3528 2639 manus

1925 2691 2087 2730 nemo
2116 2675 2303 2746 eﬂugit
2356 2676 2527 2747 quiin
2559 2675 2691 2753 orbe
2730 2675 2977 2731 Romano
3024 2686 3126 2732 est.
3172 2674 3329 2733 Unde
3380 2678 3527 2732 enim

1925 2760 2030 2820 hoc
2076 2779 2271 2821 nomen
2306 2765 2572 2821 universis
2605 2766 2765 2821 terris
2812 2765 2911 2821 nisi
2943 2766 3210 2822 vincendo
3257 2766 3532 2824 dedistis?

1926 2863 2237 2919 Meminisse
2262 2863 2426 2919 etiam
2455 2862 2560 2917 loci
2588 2868 2839 2931 oportet,
2866 2860 2919 2914 in
2952 2874 3058 2931 quo
3089 2873 3232 2914 nunc
3262 2860 3383 2916 sitis
3406 2901 3422 2927 ,
3472 2869 3527 2915 et

1924 2958 2211 3014 adversum
2237 2972 2372 3030 quos
2396 2957 2700 3012 Romanum
2722 2955 2921 3012 bellum
2942 2954 3166 3024 geratis.
3191 2954 3251 3008 In
3279 2963 3524 3010 extrema

1928 3053 2072 3107 enim
2124 3060 2275 3123 parte
2301 3049 2449 3104 orbis
2481 3058 2746 3103 terrarum
2791 3046 3166 3103 consistimus.
3193 3045 3366 3100 Tanta
3397 3060 3530 3115 ergo

1930 3150 2196 3198 terrarum
2223 3142 2395 3212 spatia
2424 3149 2799 3207 transeuntes,
2833 3139 2965 3194 nihil
2995 3139 3232 3194 alienum
3282 3138 3522 3193 vidistis.

213 3233 445 3304 propius
491 3241 857 3289 accesserant.
888 3232 1036 3300 Quos
1086 3248 1182 3302 pro
1214 3248 1443 3287 nurnero
1471 3234 1816 3303 spernendus
1846 3207 1892 3269 Ο
1923 3234 2064 3304 Quid
2091 3235 2238 3290 enim
2261 3234 2415 3289 vobis
2443 3233 2700 3298 alienum,
2734 3247 2962 3301 quorum
2987 3232 3038 3285 in
3065 3229 3415 3300 possessione
3434 3244 3527 3284 or-

212 3326 490 3391 arbitrati,
511 3325 665 3383 Jesus
688 3326 1030 3396 praedatoriae
1050 3341 1239 3379 manus
1269 3327 1545 3396 princeps,
1567 3342 1691 3384 cum
1711 3328 1823 3384 suis

213 3418 310 3485 qui
333 3418 832 3482 pariterincessere
860 3417 1002 3479 ausi,
1029 3419 1306 3486 repentina
1331 3418 1617 3487 eruptione
1638 3418 1825 3475 detur-

213 3510 353 3569 bant
381 3510 525 3577 loco,
545 3510 927 3581 credentesque
953 3510 1117 3565 simul
1145 3525 1283 3581 quos
1299 3510 1637 3567 deduxerant
1653 3526 1824 3583 equos

212 3602 569 3658 involavere:
598 3603 885 3658 dementes
914 3606 1006 3672 qui
1035 3618 1143 3657 non
1171 3603 1522 3658 adverterent
1550 3642 1566 3670 ,
1600 3605 1823 3659 consul-

217 3698 332 3754 tius
361 3696 709 3754 Valeriannm
737 3698 973 3753 cessiSse
1002 3695 1337 3762 insolentiae,
1372 3713 1533 3769 quam
1558 3697 1729 3767 spolia
1753 3697 1824 3753 de

216 3790 308 3848 his
325 3790 417 3862 qui
450 3806 636 3861 pacem
666 3790 1006 3856 oﬂ'erebant,
1040 3792 1410 3861 usurpavisse.
1445 3792 1685 3863 Denique
1735 3807 1824 3848 se-

218 3885 404 3943 niores
423 3872 610 3940 oli'ensi
628 3882 887 3940 facinoris
900 3882 1411 3949 acerbitate,nrbem
1429 3885 1820 3955 relinquentes,

213 3977 290 4035 ad
322 3977 714 4048 Vespasianum
739 3987 1018 4048 precatum
1066 3992 1285 4041 venere,
1318 3992 1387 4032 ne
1419 3991 1710 4046 paucorum
1742 3977 1825 4030 in-

216 4072 455 4129 sidentia
497 4072 762 4126 universa:
826 4071 972 4141 plebi
1025 4070 1411 4125 ascriberetur.
1461 4068 1825 4138 Vestiasianus

216 4165 372 4222 illico
401 4164 470 4221 ad
500 4167 691 4221 urbem
719 4164 1009 4235 Trajanum
1041 4163 1242 4219 direxit
1267 4205 1279 4228 ,
1308 4171 1368 4218 ut
1394 4162 1743 4232 exploraret,
1777 4160 1825 4216 si

216 4260 458 4332 populus
494 4258 873 4317 insidiatorum
904 4257 1267 4313 temeritatem
1321 4256 1722 4311 adversaretur.
1754 4252 1826 4309 At

219 4352 318 4409 ille
347 4352 728 4408 convenientia
762 4350 950 4422 pepuli
980 4350 1157 4406 studia
1180 4392 1194 4415 ,
1246 4350 1523 4405 seniorum
1571 4349 1825 4421 precibus

217 4447 555 4505 annuntians
579 4488 595 4513 ,
636 4446 798 4503 ﬁdem
832 4445 1089 4514 legationi
1116 4444 1504 4500 accumulavit.
1531 4443 1607 4499 Ita
1636 4452 1825 4512 peten-

218 4542 372 4597 tibus
402 4541 558 4596 venia
582 4540 747 4597 data:
781 4540 1019 4597 maxime
1041 4539 1166 4609 quia
1193 4538 1482 4595 sollicitum
1512 4553 1695 4608 regem
1725 4552 1823 4606 pro

220 4635 394 4693 totius
424 4635 572 4691 urbis
598 4643 741 4691 statu
773 4634 1140 4704 Vespasianus
1165 4633 1494 4690 intuebatur.
1526 4631 1697 4703 Cujus
1720 4632 1826 4688 ﬁde

222 4728 571 4798 interposita,
604 4726 737 4783 nihil
766 4726 870 4783 tale
897 4740 1128 4781 ausuros
1153 4734 1366 4796 postea,
1388 4723 1571 4781 delicti
1597 4724 1825 4796 gratiam

224 4819 420 4877 volens
440 4820 627 4877 cessit.

798 4911 1029 4971 CAPUT
1069 4910 1261 4968 XXIII.

300 5005 437 5063 Inde
476 5004 771 5063 Taricheas
822 5005 1060 5062 sollicito
1085 5013 1248 5075 atque
1296 5005 1564 5061 instructo
1611 5003 1831 5074 agmine

226 5101 387 5172 petit,
420 5114 487 5157 eo
518 5099 660 5169 quod
712 5099 1004 5170 plurimum
1036 5098 1106 5154 ad
1155 5098 1326 5168 ipsam
1378 5097 1565 5153 urbem
1607 5108 1829 5167 propter

224 5193 591 5249 munitionem
638 5192 740 5251 loci
766 5190 1110 5248 conﬂuxerat
1155 5190 1558 5246 multitudinis:
1590 5198 1642 5244 et
1700 5189 1829 5258 quia

228 5300 393 5347 tnuro
415 5300 534 5341 eam
560 5286 858 5342 vallaverat
882 5283 1157 5355 Josepbus
1177 5324 1193 5350 ,
1228 5281 1331 5339 nisi
1360 5298 1468 5353 qua
1490 5280 1834 5352 pedestribus

229 5380 379 5436 invia
407 5378 672 5436 Generasi
705 5381 855 5435 lacus
884 5378 1140 5434 ﬂuctibus
1170 5376 1495 5439 alluebatur,
1525 5375 1651 5430 ideo
1680 5373 1833 5429 navi-

227 5474 339 5545 giis
367 5474 730 5544 congregatis,
761 5485 965 5542 auceps
999 5470 1197 5527 bellum
1247 5468 1532 5523 fremebat.
1565 5466 1622 5522 Si
1667 5476 1837 5522 terre-

230 5583 364 5622 num
399 5566 680 5621 inclinaret
710 5564 997 5620 adversum
1027 5578 1086 5618 se
1109 5559 1378 5631 praelium,
1411 5559 1479 5614 ad
1502 5572 1668 5615 naves
1695 5574 1829 5614 con-

310 5671 338 5701 ι
379 5660 543 5717 Forte
559 5661 816 5719 caderem.
841 5658 1118 5718 GALLAND.

306 5732 337 5772 ι)
376 5732 766 5789 Peritioru.....
800 5746 998 5783 murus.
1035 5730 1207 5785 ΒΑΜ.

312 5816 336 5844 ο
377 5804 677 5859 Currebatis
700 5803 856 5855 bene:
886 5800 999 5867 quis
1023 5800 1204 5853 statuit
1227 5804 1419 5867 vestros
1447 5797 1566 5851 orbe
1587 5804 1691 5852 toto
1719 5811 1837 5849 cur-

233 5887 403 5934 rentes
430 5872 765 5945 triumphos?
793 5872 936 5939 Quos
960 5887 1061 5924 non
1085 5870 1263 5923 statuit
1306 5866 1602 5924 Hasdrubal
1652 5867 1847 5922 Partus

1930 3327 2016 3381 bis
2045 3337 2314 3383 terrarum
2345 3325 2468 3380 est?
2492 3324 2760 3394 Quidquid
2794 3323 2995 3394 ubique
3020 3332 3124 3386 est,
3170 3328 3259 3392 jus
3285 3332 3527 3377 vestrum

1927 3429 2014 3476 est
2040 3438 2051 3472 :
2096 3418 2360 3491 quidquid
2408 3418 2674 3473 incolatus
2703 3417 3080 3472 universorum
3111 3422 3282 3484 tenet,
3313 3428 3533 3485 posses-

1926 3514 2010 3570 sio
2041 3523 2217 3568 veStra
2250 3523 2353 3568 est.
2391 3523 2412 3550 ο
2441 3509 2704 3567 Currebat
2730 3509 2775 3564 is
2798 3511 2958 3576 bene,
2989 3509 3080 3579 qui
3105 3508 3289 3562 statuit
3317 3516 3532 3562 vestros

1927 3608 2058 3664 orbe
2082 3615 2193 3663 toto
2223 3614 2510 3663 currentes
2538 3604 2842 3675 triumphos
2868 3645 2882 3669 ,
2910 3616 3046 3673 quos
3087 3618 3193 3656 non
3221 3599 3527 3655 Hasdrubal

1927 3700 2147 3763 Poenus,
2182 3715 2288 3755 non
2322 3697 2563 3770 Pyrrhus
2589 3696 2866 3761 Eat-idos,
2897 3711 3002 3749 non
3026 3695 3274 3750 Brennus
3301 3693 3524 3761 Capito-

1927 3792 2051 3847 linis
2078 3791 2361 3847 vestibulis
2413 3788 2755 3857 incumbens,
2784 3802 2891 3842 non
2931 3787 3217 3843 Persarum
3246 3796 3481 3843 caterva:
3508 3825 3523 3848 ,

1928 3900 2033 3937 non
2064 3882 2333 3955 Aigyptia:
2366 3882 2659 3952 phalanges
2681 3887 2921 3936 statuere
2948 3887 3261 3951 potuerunt.
3280 3878 3390 3933 llos
3419 3886 3530 3933 sta-

1930 3975 2031 4029 luit
2057 3975 2278 4029 rebellis
2331 3972 2541 4038 Judrca,
2595 3971 2918 4033 ineruditum
2961 3969 3255 4040 praeferens
3286 3970 3524 4026 bellandi

1928 4071 2321 4137 temeritatem,
2355 4071 2486 4125 rixa:
2509 4085 2669 4140 quam
2693 4083 2887 4140 pugna:
2914 4068 3110 4138 aptior.
3143 4066 3334 4139 Neque
3378 4067 3527 4124 enim

1927 4176 2007 4221 εει
2043 4162 2186 4235 quod
2217 4180 2434 4226 vereor,
2486 4163 2581 4217 sed
2613 4162 2829 4234 plenum
2862 4158 3209 4216 verecundiae
3261 4160 3525 4225 arbitror,

1927 4258 2071 4331 quod
2118 4273 2214 4314 vos
2244 4256 2512 4313 vincendo
2560 4255 2955 4327 defatigamini.
2985 4254 3071 4309 Illi
3097 4264 3279 4310 autem
3311 4254 3531 4324 quoties

1930 4356 2240 4421 vincuntur,
2274 4352 2555 4408 audaciam
2581 4363 2903 4420 sumpsere:
2938 4346 2965 4385 τι
3000 4348 3183 4403 lassati
3213 4362 3333 4413 vos,
3364 4348 3530 4404 rebus

1928 4448 2182 4505 secundis
2208 4488 2223 4513 ,
2271 4462 2394 4502 cum
2420 4446 2492 4500 illi
2524 4444 2768 4499 adversis
2812 4443 3062 4499 duriores
3110 4442 3241 4495 sint.
3275 4440 3528 4496 Attollite

1930 4544 2095 4614 igitur
2124 4541 2356 4607 animos,
2390 4539 2619 4595 Romani
2649 4537 2769 4607 viri,
2790 4536 3123 4591 etadversus
3149 4543 3403 4590 catervas
3432 4533 3532 4588 ho-

1932 4636 2115 4703 stium,
2162 4633 2285 4688 freti
2320 4632 2490 4702 patria
2523 4631 2742 4696 virtute,
2777 4630 3073 4701 exsurgite.
3103 4627 3290 4701 Neque
3313 4641 3408 4681 vos
3430 4642 3529 4682 nu-

1933 4742 2116 4781 merus
2149 4733 2363 4780 moveat
2413 4722 2585 4795 plebis
2628 4721 2831 4778 Judaete
2854 4763 2870 4787 ,
2899 4735 3023 4775 cum
3053 4719 3172 4775 illos
3205 4728 3284 4775 tot
3330 4728 3530 4779 vestra:

1936 4820 2072 4875 virtu
2103 4819 2147 4874 is
2181 4816 2406 4891 insignia
2440 4832 2544 4871 nun
2594 4814 2945 4881 deterreant,
2974 4828 3097 4885 qua:
3118 4812 3282 4883 longe
3304 4825 3534 4867 numero

1934 4911 2196 4967 validiora
2229 4916 2373 4965 sunt.
2403 4908 2588 4980 Neque
2618 4907 2761 4963 enim
2804 4906 2909 4961 ulla
2941 4906 2994 4961 in
3028 4904 3272 4961 Hebraeis
3320 4905 3402 4960 vel
3450 4903 3532 4959 rei

1935 5002 2187 5059 militaris
2205 5000 2454 5064 scientia,
2470 4999 2555 5054 vel
2574 4998 2849 5070 prmliandi
2874 4998 3087 5069 peritia,
3104 4996 3192 5052 vel
3218 4996 3535 5052 moderandi

1932 5097 2102 5168 gratia
2129 5137 2143 5162 ,
2181 5093 2361 5150 nullus
2387 5092 2687 5163 disciplinte
2719 5105 2849 5145 usus
2876 5131 2891 5157 ,
2926 5088 3073 5144 nulla
3129 5087 3397 5144 tolerandi
3441 5102 3536 5156 pa-

1939 5189 2149 5247 tientia.
2174 5188 2359 5245 Solum
2390 5188 2441 5243 in
2475 5187 2723 5261 prndium
2754 5184 3015 5240 deferunt
3043 5183 3234 5236 mortis
3256 5190 3542 5251 contemp-

1938 5294 2082 5339 tum:
2114 5282 2209 5339 sed
2241 5296 2403 5337 nemo
2428 5296 2682 5350 umquam
2714 5276 2996 5333 moriendo
3029 5276 3157 5331 vicit
3177 5275 3414 5339 hostem,
3438 5273 3535 5327 sed

1938 5376 2277 5448 perimendo.
2331 5375 2407 5429 llli
2442 5374 2694 5428 nesciunt
2721 5386 2868 5426 arma
2895 5369 2999 5425 nisi
3031 5369 3083 5424 in
3113 5367 3296 5431 bello,
3348 5378 3444 5419 ncs
3485 5364 3539 5418 in

1937 5484 2069 5539 pace
2100 5468 2263 5523 armis
2293 5481 2637 5528 exercemur,
2666 5473 2723 5518 ut
2753 5464 2805 5518 in
2838 5462 2979 5517 bello
3011 5475 3171 5515 casus
3193 5459 3323 5513 belli
3345 5454 3542 5511 dubios

1939 5576 2047 5615 non
2073 5561 2392 5616 sentiamus.
2424 5558 2655 5613 Insuetis
2685 5556 2829 5612 enim
2859 5564 3088 5610 eventus
3109 5551 3294 5606 dubii:
3323 5555 3544 5603 vetera-

2098 5653 2191 5708 Itos
2219 5653 2397 5706 statuit
2427 5650 2631 5703 rebellis
2650 5646 2939 5701 Indomita
2968 5644 3219 5716 equidem
3247 5641 3537 5712 legendum

1946 5735 2107 5793 atque
2136 5721 2625 5791 interpungendutn
2658 5713 3102 5783 existituaveri‘m.
3146 5713 3427 5769 (ianuae.

2022 5795 2047 5832 ά
2088 5795 2320 5850 Lassari.
2344 5792 2515 5847 Bima.
