3964 6334
499 273 648 332 2095

1840 262 2089 322 SANCTI
2124 259 2455 323 AMBROSII

3675 259 3831 321 2096

500 390 584 444 nis
635 383 895 442 solemnis
941 382 1268 454 triumplms.
1323 380 1463 448 Quid
1496 380 1642 437 enim
1674 377 1823 434 aliud
1878 380 2091 451 agimus
2117 385 2167 444 Α
2198 389 2439 434 teramus
2484 375 2724 432 hostem.
2777 374 2991 432 Primus
3040 374 3095 430 in
3142 372 3446 446 periculum
3479 386 3828 441 excurram,

497 479 772 550 quotidie,
801 477 903 533 nisi
938 486 993 531 ut
1025 475 1181 531 nobis
1224 488 1360 529 vana
1395 487 1687 543 numquam
1729 470 1910 541 prmlia
1939 470 2092 525 sint?

493 573 535 629 U
548 572 878 642 nusquisque
891 570 1034 625 domi
1050 568 1203 639 quasi
1220 568 1270 622 in
1289 566 1477 638 praelia
1492 573 1795 631 exercetur,
1816 574 1873 619 ut
1886 565 1938 619 in
1958 577 2095 633 pra:-

490 664 567 721 lio
581 664 858 719 meditatio
870 661 1115 733 quaedam
1130 658 1445 715 certaminis
1460 658 1547 712 sit.
1565 656 1808 727 Denique
1823 670 1928 709 non
1944 669 2096 710 erra-

495 758 631 813 verit
652 755 937 825 quisquam
979 766 1253 820 asserens,
1283 750 1429 822 quod
1456 749 1839 806 meditationes
1870 756 2091 813 nostrae,

498 849 639 907 bella
668 847 788 903 sine
814 847 1078 917 sanguine
1127 844 1277 910 sint,
1310 844 1450 901 bella
1497 850 1682 898 nostra
1709 840 2097 896 meditationes

494 944 620 999 sint.
657 939 1046 1012 Progredimur
1073 938 1127 992 in
1158 936 1358 993 bellum
1382 934 1598 1000 muniti,
1626 933 1863 1004 undique
1899 930 2097 1003 tegitur

491 1036 645 1105 galea
672 1041 856 1103 caput,
889 1031 1055 1086 lorica
1090 1037 1307 1100 pectus,
1341 1037 1624 1098 totumque
1645 1024 1842 1096 clypeo
1858 1038 2091 1093 corpus:

486 1128 579 1183 ubi
626 1126 786 1182 feriat
825 1123 1001 1179 hostis
1057 1122 1364 1177 Romanum
1395 1119 1620 1175 militem
1646 1165 1661 1189 ,
1697 1116 1943 1187 reperire
1987 1130 2094 1169 non

494 1227 695 1292 potest,
727 1233 889 1289 quem
922 1216 1071 1271 ferro
1102 1223 1316 1284 septum
1360 1209 1754 1281 circumspicit.
1802 1208 1936 1263 Aliis
1967 1204 2096 1262 talia

487 1328 640 1369 arma
662 1312 815 1368 oneri
847 1318 999 1371 sunt,
1036 1307 1192 1363 nobis
1212 1306 1614 1377 integumento,
1638 1303 1763 1374 quia
1789 1317 1888 1358 usu
1905 1302 2097 1357 levan-

489 1415 601 1462 tur.
632 1403 934 1460 Adversum
967 1400 1208 1456 inermes
1236 1398 1401 1469 igitur
1428 1412 1492 1454 ac
1521 1394 1696 1451 nudos
1721 1393 1969 1466 praelium
2000 1406 2098 1447 no-

490 1498 578 1554 bis
607 1506 711 1552 cst.
753 1499 835 1551 An
876 1509 1007 1549 vero
1032 1490 1326 1547 metuimus
1351 1530 1367 1556 ,
1413 1504 1483 1545 ne
1511 1502 1744 1543 numero
1792 1487 2096 1541 circumve-

491 1588 748 1646 niamur?
806 1586 1049 1642 Primum
1098 1583 1235 1639 liber
1284 1582 1338 1636 in
1385 1580 1589 1653 praeliis
1635 1578 1909 1650 equitatus
1961 1586 2090 1643 est,

489 1681 737 1740 cedendo
786 1689 952 1751 atque
1001 1673 1338 1747 insequendo
1385 1683 1412 1711 ει
1460 1672 1665 1729 bellum
1716 1669 1975 1742 proludit.
2028 1668 2096 1724 Et

2200 486 2298 526 vos
2338 469 2651 541 sequimini,
2685 477 2745 524 ut
2786 468 3096 540 depositum
3135 469 3304 539 patris
3350 468 3707 535 custodiatis,
3767 476 3831 523 ct

2199 562 2553 618 commissum
2588 560 2763 633 patris
2813 557 3129 616 reServetis.
3157 561 3269 631 Ego
3314 570 3635 616 autemnon
3674 558 3835 629 peri-

2196 655 2304 709 culi
2327 654 2508 710 socios
2532 655 2714 725 exigo,
2747 652 2845 710 sed
2875 662 3162 710 consortes
3183 652 3451 709 victoriae.
3487 651 3597 707 Vos
3624 661 3825 707 tamen

2202 758 2393 804 cavete
2420 789 2436 815 ,
2472 763 2540 804 ne
2585 746 2828 803 oblatam
2885 746 3043 802 vobis
3074 746 3312 818 palmam
3346 744 3611 817 triumphi
3644 787 3662 812 ,
3691 743 3833 799 aliis

2197 854 2519 896 reservasse
2546 839 2865 905 videamini,
2895 838 3051 895 vobis
3072 838 3362 909 eripuisse.
3388 836 3551 894 Certe
3577 838 3625 893 si
3656 851 3835 893 secus

2196 934 2461 1001 cesserit,
2494 933 2642 990 malo
2673 947 2761 990 me
2811 932 2979 988 tilium
3015 940 3170 1002 pater
3205 932 3264 987 in
3293 931 3618 988 vulneribus
3674 930 3833 986 meis

2198 1036 2593 1099 recognoscat,
2636 1026 2685 1081 si
2714 1026 2767 1081 in
2797 1026 3064 1083 militibus
3091 1026 3206 1081 suis
3267 1041 3377 1080 non
3408 1025 3829 1096 recognoverit.

2200 1120 2473 1175 Ponamus
2507 1130 2687 1175 tamen
2717 1118 2919 1175 oﬂendi
2969 1127 3180 1191 patrem
3215 1118 3393 1189 prtelii
3424 1117 3821 1190 aggressione.

2195 1213 2338 1283 Quid
2364 1214 2530 1286 igitur
2558 1212 2903 1269 tolerabilius
2926 1254 2943 1281 ,
2976 1211 3339 1283 praeripuisse
3385 1211 3681 1267 victoriam
3710 1252 3726 1277 ,
3752 1226 3828 1267 an

2198 1305 2547 1363 deseruisse?
2585 1305 2641 1360 In
2672 1304 3049 1376 praeripiendo
3100 1304 3418 1375 properatio
3466 1303 3829 1360 fortitudinis

2198 1407 2305 1465 est,
2333 1398 2387 1452 in
2410 1396 2723 1454 deserendo
2764 1397 2923 1468 culpa
2971 1396 3223 1467 ignaviae.
3270 1395 3619 1453 Condenmet
3662 1404 3827 1453 certe

2202 1491 2445 1544 victores
2476 1495 2636 1560 pater
2662 1529 2678 1555 ,
2710 1499 2923 1545 reatum
2952 1488 3265 1561 huiusmodi
3313 1503 3421 1545 non
3468 1487 3825 1545 reformido:

2199 1581 2349 1636 malo
2376 1595 2506 1636 reus
2547 1594 2672 1637 esse
2703 1580 3078 1652 triumphante
3126 1580 3409 1652 republica
3431 1623 3448 1650 ,
3478 1597 3643 1653 quam
3686 1582 3825 1638 laesa

2201 1675 2483 1731 innoxius.
2514 1674 2737 1731 Utinam
2764 1675 2950 1732 Manlii
2976 1675 3238 1748 Torquati
3266 1676 3470 1745 filium,
3502 1678 3589 1734 vel
3612 1678 3669 1734 in
3694 1679 3824 1735 solo

491 1775 740 1849 quamvis
769 1774 1033 1829 maximas
1057 1770 1205 1826 acies
1229 1770 1647 1831 circumcursat,
1671 1774 1723 1821 et
1747 1764 1941 1835 qnibus
1972 1762 2096 1819 libi—
2124 1779 2174 1840 Β
2201 1769 2331 1824 mihi
2357 1769 2519 1826 liceat
2549 1769 2755 1827 imitari
2784 1771 3063 1842 periculo;
3093 1787 3257 1843 quem
3288 1772 3470 1829 securi
3493 1782 3656 1844 pater
3680 1774 3815 1845 ius-

491 1880 606 1927 tum
658 1869 818 1925 fuerit
844 1865 1036 1939 spatiis
1061 1863 1296 1921 excedit.
1353 1860 1561 1917 Deinde
1589 1861 1643 1915 in
1677 1861 1796 1930 ipso
1851 1856 2093 1929 pedestri

485 1962 808 2028 certamine,
826 1974 934 2015 non
956 1967 1064 2013 tam
1082 1969 1342 2011 numerus
1356 1952 1590 2027 plurium
1605 1950 1823 2008 conficit
1837 1964 2092 2021 pugnam,

485 2069 649 2124 quam
668 2054 838 2109 virtus
863 2064 1179 2120 paucorum.
1202 2046 1482 2103 Multitudo
1504 2045 1804 2115 disciplinac
1828 2043 2092 2108 insolens,

487 2146 605 2217 ipsa
627 2144 731 2200 sibi
757 2153 841 2200 est
869 2141 1259 2212 impedimento
1304 2139 1358 2194 in
1399 2137 1678 2209 prosperis
1698 2136 1766 2191 ad
1787 2134 2091 2200 victoriam,

489 2238 546 2295 in
579 2237 826 2294 adversis
856 2235 925 2291 ad
955 2232 1353 2305 fugam.Virtus
1383 2246 1513 2287 vero
1533 2230 1745 2301 patiens
1765 2237 1819 2283 et
1839 2225 2095 2283 secundis

489 2331 738 2397 valescit,
771 2343 874 2387 nec
916 2341 1094 2397 usque
1124 2325 1192 2381 ad
1222 2325 1385 2380 ﬁnem
1410 2322 1606 2378 labitur
1636 2321 1688 2376 in
1722 2320 1986 2375 adversis.
2013 2317 2094 2373 Ac

484 2426 630 2483 cedit
670 2423 823 2493 illud,
850 2421 997 2495 quod
1041 2418 1333 2477 assuetudo
1361 2415 1736 2483 victoriarum,
1761 2414 2093 2470 incentivum

485 2519 645 2575 nobis
668 2517 736 2572 sit
768 2512 1073 2586 praeliandi.
1103 2510 1242 2567 Nam
1269 2510 1371 2566 etsi
1394 2508 1472 2564 illi
1516 2522 1614 2579 pro
1642 2507 1844 2578 patria,
1879 2520 1977 2576 pro
2028 2503 2094 2558 li-

485 2610 631 2666 beris
658 2607 959 2673 dimicant;
993 2620 1097 2662 non
1122 2604 1247 2659 ideo
1277 2601 1638 2673 promptiores
1659 2614 1755 2655 eos
1781 2613 1903 2654 esse
1926 2612 2089 2668 quam

486 2720 592 2763 nos
618 2711 857 2775 oportet.
882 2701 1070 2772 Neque
1097 2698 1246 2756 enim
1275 2696 1451 2753 minus
1468 2704 1573 2762 est,
1599 2694 1766 2750 inuno
1792 2692 1933 2748 haud
1978 2691 2092 2746 scio

484 2816 554 2855 an
580 2798 743 2855 etiam
760 2796 994 2868 amplius
1010 2793 1038 2833 ι’
1070 2793 1226 2849 nobis
1253 2806 1414 2861 quam
1436 2805 1535 2860 pro
1551 2788 1757 2844 nostris
1773 2786 2087 2843 decernere.

489 2892 599 2949 Pro
628 2891 785 2946 nobis
817 2888 1145 2961 prmliamur,
1177 2894 1232 2941 et
1251 2899 1374 2941 cum
1401 2882 1716 2954 prmliamur
1746 2894 1845 2951 pro
1874 2879 2044 2951 gloria
2071 2919 2088 2947 ,

483 3001 554 3042 ne
581 2984 823 3040 minores
851 2982 1025 3037 simus
1047 2995 1112 3034 eo
1128 2976 1274 3049 quod
1305 2991 1511 3031 sumus.
1542 2974 1673 3043 Quis
1694 2988 1824 3044 ergo
1844 2972 2087 3038 dubitet,

481 3078 606 3147 plus
644 3090 768 3132 esse
817 3088 917 3145 pro
944 3072 1115 3143 gloria
1154 3069 1488 3135 decernere,
1543 3083 1705 3139 quam
1736 3082 1833 3137 pro
1874 3065 2091 3123 salute?

2196 1863 2271 1917 sit
2300 1862 2473 1929 feriri,
2504 1862 2650 1934 quod
2678 1873 2870 1920 contra
2898 1865 3194 1935 imperium
3227 1865 3400 1936 patris
3421 1866 3728 1922 exercitum
3760 1867 3823 1923 in

2196 1957 2413 2013 hostem
2454 1956 2810 2026 produxerat.
2858 1957 3053 2014 Stabat
3097 1958 3349 2015 hostibus
3376 1959 3538 2015 caesis
3585 1959 3819 2017 adoles-

2194 2065 2350 2118 cens,
2377 2053 2613 2108 amictus
2649 2050 2869 2108 adoreis
2922 2052 3365 2124 triumphalibus,
3408 2054 3513 2110 sub
3549 2054 3817 2112 carniﬁce

2194 2144 2388 2200 mortis
2434 2160 2665 2203 securus
2699 2188 2714 2213 ,
2753 2147 3014 2218 quoniam
3068 2148 3446 2205 beatissimum
3480 2150 3714 2221 putabat
3757 2150 3815 2208 in

2196 2238 2428 2294 victoria
2472 2240 2636 2295 mori.
2684 2238 2827 2308 Quid
2875 2240 3020 2296 enim
3074 2241 3349 2297 illustrius
3384 2283 3399 2308 ,
3443 2257 3609 2314 quam
3642 2244 3815 2300 vitam

2196 2332 2476 2403 triumpho
2511 2332 2807 2402 claudere,
2853 2349 2955 2390 nec
3002 2334 3070 2389 ad
3102 2333 3311 2390 incerta
3356 2351 3541 2391 rerum
3598 2338 3811 2393 servari

2197 2434 2323 2495 post
2349 2436 2556 2481 certam
2590 2425 2920 2482 victoriam?
2948 2425 2994 2482 Ο
3036 2427 3401 2499 expetendum
3450 2428 3812 2500 prudentibus

2193 2518 2406 2574 crimen
2426 2518 2958 2577 victoriaelUtinam
3003 2528 3060 2576 et
3107 2521 3266 2577 nobis
3312 2519 3420 2579 hoc
3463 2521 3805 2594 obiiciatur,

2192 2611 2337 2682 quod
2363 2613 2681 2668 vicerimus.
2705 2611 2871 2669 Certe
2912 2614 3008 2669 illo
3038 2614 3294 2685 exemplo
3343 2614 3498 2670 solus
3528 2629 3633 2687 ego
3661 2616 3810 2688 peri-

2193 2706 2446 2773 clitabor,
2475 2723 2573 2763 vos
2595 2706 3027 2780 triumphabitis.
3072 2708 3141 2764 Et
3183 2716 3501 2765 tamennon
3526 2709 3809 2780 prohibuit

2196 2815 2295 2857 nos
2326 2814 2480 2873 pater
2511 2816 2755 2873 pugnare
2779 2843 2796 2871 ,
2834 2801 2930 2857 sed
2949 2802 3137 2873 jussit,
3167 2816 3307 2873 quos
3338 2801 3407 2858 ad
3452 2817 3692 2874 pugnam
3720 2802 3808 2859 di-

2193 2895 2358 2953 rexit.
2396 2895 2548 2952 Unde
2575 2897 2748 2968 magis
2800 2895 3212 2968 indignaturum
3244 2896 3484 2954 arbitror
3506 2939 3523 2963 ,
3566 2898 3808 2956 cessisse

2194 3000 2293 3042 nos
2313 2985 2670 3056 Judaeis,cum
2693 3002 2980 3059 possemus
3002 2989 3244 3057 vincere,
3265 3004 3430 3062 quam
3443 2992 3802 3063 pugnavisse.

2770 3097 3003 3158 CAPUT
3046 3099 3217 3158 XXV.

480 3169 653 3226 Nobis
675 3176 859 3225 autem
890 3165 1092 3223 bellum
1132 3162 1235 3270 hoc
1262 3160 1804 3270 pro‘existimat‘ionis
1833 3167 1919 3217 est
1941 3160 2083 3266 peri-
2111 3188 2158 3253 C
2263 3192 2391 3248 Haec
2413 3191 2605 3250 dicens
2631 3233 2648 3261 ν
2700 3194 2911 3265 primus
2959 3210 3164 3265 equum
3219 3195 3274 3252 in
3305 3195 3518 3254 hostem
3546 3197 3661 3270 es“
3687 3239 3703 3264 ,
3740 3206 3801 3255 ει

479 3265 604 3321 eulo
626 3307 641 3331 ,
673 3279 741 3320 ne
762 3263 848 3333 ius
884 3269 1095 3332 partum
1143 3255 1455 3314 intercidat.
1489 3254 1866 3310 Periclitamur
1893 3252 2080 3321 etiam,

480 3360 719 3415 victores
747 3356 986 3428 gentium
1014 3362 1070 3409 et
1088 3351 1359 3424 principes
1380 3348 1533 3405 orbis
1562 3358 1830 3405 terrarum
1850 3346 2086 3414 ,Judmis

484 3467 643 3523 pares
666 3450 859 3514 videri,
890 3462 1029 3520 quos
1053 3462 1120 3502 ex
1148 3460 1306 3517 aequo
1364 3443 1523 3499 nobis
1553 3453 1575 3481 ο
1628 3442 1683 3497 in
1708 3441 2084 3497 adversarium

450 3549 453 3552 ‘
480 3542 886 3606 constituimus,
915 3541 961 3596 si
986 3554 1093 3595 non
1123 3538 1281 3593 aliter
1308 3536 1411 3591 nisi
1444 3535 1561 3606 pari
1602 3548 1831 3590 numero
1857 3549 2083 3606 congre.

482 3638 717 3693 diamur.
749 3633 982 3705 Maiores
1008 3629 1184 3687 nostri
1214 3643 1440 3699 magnas
1458 3627 1698 3683 hostium
1715 3626 1900 3696 copias
1920 3640 2084 3697 parva

483 3745 647 3787 manu
676 3729 991 3799 frequenter
1037 3724 1311 3780 fuderunt.
1342 3722 1410 3777 Et
1438 3719 1568 3793 quid
1601 3720 1756 3776 nobis
1801 3720 2087 3776 conferunt

480 3822 797 3895 quotidiana
829 3817 1126 3876 exercitia?
1158 3815 1285 3888 quid
1315 3814 1601 3870 diuturnus
1628 3813 1783 3870 labor
1805 3854 1823 3882 ,
1857 3812 1902 3869 si
1925 3826 2085 3884 pares

481 3914 549 3971 ad
576 3912 817 3984 praelium
838 3909 1117 3967 venimus?
1133 3906 1510 3963 Nuntiavimus
1525 3904 1745 3977 quidem
1768 3904 1835 3961 de
1856 3919 2085 3960 numero

480 4006 646 4076 patri,
674 4005 801 4075 quia
829 4017 936 4058 non
964 4001 1162 4057 licebat
1188 3998 1333 4054 aliud
1361 4016 1374 4052 :
1425 3998 1521 4054 sed
1551 3998 1818 4065 advertat,
1844 4011 1944 4054 nos
1974 4013 2082 4053 non

478 4100 548 4156 de
596 4095 836 4167 periculo
865 4094 1124 4150 metuisse
1151 4134 1166 4160 ,
1194 4092 1289 4148 sed
1320 4093 1683 4148 reverentiam
1713 4092 1842 4149 belli
1877 4092 2083 4149 arbitro

478 4188 869 4246 reservavisse.
891 4186 1041 4241 Licet
1062 4184 1345 4255 praelibare
1373 4183 1600 4252 bellum,
1627 4194 1813 4241 tenere
1832 4186 2043 4241 hostem
2066 4226 2081 4252 ,

476 4299 535 4339 ra
546 4295 670 4352 perc
688 4279 990 4341 victoriam,
1005 4277 1132 4332 dum
1150 4275 1730 4348 adjumentaﬂcniunt:
1752 4292 1820 4333 ne
1832 4292 1939 4333 non
1971 4286 2081 4333 tam

479 4381 767 4447 superatos
795 4371 1141 4429 adversarios
1197 4370 1472 4425 communi
1500 4370 1716 4439 robore,
1752 4386 1911 4443 quam
1957 4386 2084 4442 pro-

482 4478 656 4525 tectos
684 4481 783 4522 nos
806 4465 1002 4520 virtute
1018 4477 1115 4518 sua
1128 4462 1358 4533 iactent,
1379 4461 1471 4532 qui
1488 4461 1897 4531 venerint.'Quo
1918 4463 2083 4534 igitur

480 4578 577 4619 ore
598 4562 650 4616 in
671 4565 1024 4628 conspectum
1041 4557 1211 4627 patris
1238 4555 1541 4621 veniemus,
1556 4556 1604 4612 si
1618 4555 1818 4612 bellum
1841 4556 2081 4628 incipere

480 4651 857 4710 timuerimus?
876 4650 995 4718 Quo
1013 4647 1221 4719 pudore
1244 4647 1483 4719 degener
1506 4648 1652 4705 filius
1674 4649 1870 4706 subibo
1890 4650 2079 4706 oculos

480 4745 739 4803 tantiviri
762 4785 778 4809 ,
812 4743 904 4814 qui
954 4739 1160 4796 nesciat
1194 4740 1424 4795 militem
1453 4755 1611 4795 suum
1653 4740 1760 4796 nisi
1811 4743 2077 4798 victorem

474 4836 703 4896 videre?
740 4832 1028 4904 Quomodo
1056 4832 1173 4902 eius
1212 4846 1298 4886 me
1345 4831 1573 4888 militem
1623 4833 1866 4903 probabo
1901 4842 1958 4889 ct
2009 4834 2074 4889 fi-

471 4934 630 4997 lium,
662 4945 787 5001 cum
818 4928 911 4983 ille
942 4939 1162 4996 semper
1192 4925 1576 4995 triumphator,
1605 4942 1708 4998 ego
1734 4927 1899 4984 etiam
1929 4944 2073 4997 meo,

475 5023 623 5097 quod
654 5020 874 5093 gravius
903 5024 1024 5083 est,
1064 5017 1239 5071 victus
1272 5015 1479 5087 iudicio
1503 5059 1518 5086 ,
1552 5019 1645 5089 qui
1703 5019 1846 5075 hosti
1883 5019 2074 5077 Iudaeo

470 5114 777 5175 cesserim?
805 5113 934 5185 quid
972 5111 1127 5167 vobis
1153 5111 1245 5167 fiet
1291 5112 1659 5169 condemnato
1696 5113 1833 5171 duce
1857 5156 1872 5179 ,
1912 5132 2072 5188 quem

468 5211 623 5267 vobis
656 5218 809 5279 pater
834 5218 1061 5263 securus
1111 5204 1493 5260 commiserit?
1520 5205 1625 5262 Sed
1679 5209 1822 5264 malo
1851 5208 1921 5265 de
1963 5212 2076 5267 vir-

469 5313 585 5359 tute
628 5300 782 5357 ducis
824 5313 960 5365 vos,
1012 5312 1175 5369 quam
1226 5296 1295 5353 de
1361 5297 1578 5369 ignavia
1619 5315 1814 5358 causas
1857 5304 2067 5362 dicere.

466 5395 800 5451 Proruamus
827 5391 991 5463 igitur
1018 5390 1072 5446 in
1100 5388 1464 5460 adversarios,
1490 5406 1874 5466 properemus,
1896 5393 1923 5435 ἀ
1944 5412 2070 5468 pro-

539 5541 565 5569 ι
607 5528 879 5584 Prwlium.
909 5525 1079 5582 Bima.

533 5600 563 5641 ιι
609 5600 716 5655 Pro
744 5599 908 5652 nobis.
942 5599 1017 5653 In.

541 5684 563 5711 ι
607 5670 675 5724 In
696 5670 1038 5723 adversarios.
1069 5668 1157 5737 In;

532 5748 561 5780 η
592 5740 994 5796 Prmniamus.
1011 5741 1089 5798 In.
1114 5784 1123 5807 ,

1210 6323 1340 6328 ᾉγᾼ
1380 6321 1447 6323 ᾉ
1516 6318 1577 6322 π
1618 6318 1652 6319 κ

2189 3284 2433 3341 clamore
2455 3300 2653 3358 magno
2683 3287 2857 3343 secuti
2884 3288 3104 3343 caeteri:
3131 3296 3248 3344 toto
3285 3302 3485 3360 camps
3526 3288 3804 3346 extende-

2188 3377 2406 3446 bantur,
2438 3393 2547 3450 quo
2594 3380 2757 3436 etiam
2802 3380 2986 3452 plures
3036 3383 3473 3440 aestimabantur.
3524 3383 3801 3455 Traianus

2187 3488 2403 3544 quoque
2425 3489 2548 3530 cum
2572 3475 2832 3531 trecentis
2854 3476 3127 3547 equitibus
3156 3477 3355 3534 missus
3376 3493 3406 3532 a
3430 3476 3803 3550 Vespasiano,

2184 3564 2296 3635 iam
2345 3564 2738 3636 progrediente
2775 3566 2902 3622 Tito
2930 3570 3271 3637 supervenit.
3319 3568 3431 3627 Nec
3472 3570 3681 3627 diutius
3711 3587 3808 3630 re-

2186 3659 2386 3714 sistere
2416 3668 2713 3729 potuerunt
2752 3659 2952 3731 Judaei,
2981 3677 3103 3719 cum
3128 3663 3370 3721 virorum
3392 3666 3575 3721 contis
3595 3675 3654 3721 et
3686 3666 3803 3723 fre-

2190 3754 2328 3809 mitu
2374 3769 2642 3824 equorum
2690 3756 3167 3827 perturbarentur.
3218 3756 3482 3816 Conversi
3528 3758 3716 3832 itaque
3745 3761 3801 3817 in

2186 3846 2401 3904 diversa
2423 3848 2814 3921 alii,‘plerique
2838 3849 3030 3907 urbem
3061 3851 3343 3922 petebant.
3369 3852 3589 3909 Emicat
3614 3852 3800 3921 Titus,

2187 3949 2243 3998 et
2266 3941 2404 3998 alios
2435 3957 2466 3997 a
2496 3951 2649 4013 tergo
2686 3942 2954 4015 fugientes
3002 3944 3286 4016 opprimit,
3319 3945 3460 4001 alios
3481 3946 3670 4015 caedit,
3704 3961 3802 4018 pa-

2186 4034 2364 4091 lantes
2395 4034 2681 4092 universos
2708 4050 2990 4107 praeverso
3022 4038 3223 4095 itinere
3246 4054 3276 4093 a
3318 4040 3497 4095 muris
3526 4041 3754 4111 repellit
3780 4081 3796 4109 ,

2184 4139 2244 4184 et
2272 4128 2468 4185 obvius
2511 4130 2926 4187 recurrentibus
2967 4130 3146 4202 fugam
3191 4131 3534 4189 intercludit.
3587 4133 3798 4191 Rursus

2189 4230 2370 4278 tamen
2406 4230 2519 4277 tum
2560 4222 2656 4278 alii
2684 4231 3010 4279 sternuntur
3033 4265 3050 4292 ,
3083 4224 3256 4292 elapsi
3283 4225 3377 4281 alii
3420 4226 3620 4297 quibus
3665 4228 3798 4283 urbs

2184 4316 2398 4387 refugio
2448 4325 2597 4373 erat:
2648 4317 2749 4374 sed
2778 4327 2802 4356 ο
2846 4318 2958 4374 illis
3010 4332 3229 4390 quoque
3274 4320 3457 4376 acrius
3512 4320 3788 4391 pralium.

2184 4409 2320 4467 Nam
2346 4411 2443 4483 qui
2469 4412 2537 4470 de
2584 4412 2717 4470 locis
2762 4412 3012 4471 finitimis
3056 4411 3384 4470 afﬂuxerant
3411 4457 3427 4484 ,
3460 4430 3491 4471 a
3522 4416 3795 4489 principio

2186 4521 2375 4579 pacem
2397 4508 2785 4580 praeferebant,
2809 4508 2904 4566 sed
2950 4508 3185 4580 pepulus
3214 4510 3616 4581 superveniens
3642 4514 3658 4551 ί
3713 4511 3796 4567 ἰη-

2104 4600 2158 4661 D
2184 4600 2343 4656 victis
2369 4600 2610 4658 bellandi
2640 4602 2820 4659 studia
2864 4610 3194 4659 extorserat.
3227 4603 3359 4659 Inde
3406 4602 3550 4660 intra
3597 4605 3791 4663 urbem

2181 4691 2455 4749 dissensio
2476 4702 2532 4749 et
2556 4695 2822 4751 tumultus
2850 4696 3066 4766 gravis:
3121 4710 3229 4765 quo
3258 4697 3494 4768 strepitu
3529 4698 3750 4754 excitus
3771 4737 3788 4767 ,

2178 4799 2239 4842 se
2270 4788 2632 4844 convertitad
2664 4792 2868 4847 milites
2888 4791 3077 4849 Titus:
3113 4794 3226 4850 Hoc
3247 4834 3264 4862 ,
3306 4792 3517 4862 inquit,
3546 4798 3635 4847 est
3656 4801 3792 4848 tem-

2179 4894 2303 4952 pus,
2344 4883 2681 4940 sanctissimi
2713 4887 3119 4945 commilitones
3149 4929 3166 4957 ,
3191 4886 3333 4959 quod
3367 4896 3393 4933 κ
3435 4884 3786 4957 expetebam.

2178 4974 2325 5032 Inter
2346 4991 2406 5033 se
2428 4976 2616 5034 hostes
2640 4979 2778 5034 intra
2806 4979 2995 5036 urbem
3028 4982 3317 5038 tumultum
3367 4988 3560 5037 serunt
3596 5020 3615 5047 ,
3648 4976 3788 5034 foris

2177 5068 2465 5125 cmduutur
2492 5112 2507 5136 ,
2542 5070 2690 5126 intus
2713 5070 3102 5143 digladiantur.
3156 5073 3505 5131 Festinemus
3547 5072 3736 5143 itaque
3765 5110 3784 5139 ,

2177 5158 2307 5215 dum
2340 5159 2517 5217 adhuc
2545 5160 2838 5231 dissident,
2869 5179 2938 5220 ne
2967 5165 3113 5223 forte
3148 5165 3374 5237 periculi
3403 5171 3558 5221 metu
3582 5163 3637 5219 in
3663 5177 3787 5235 gra-

2177 5250 2305 5307 tiam
2337 5252 2583 5309 redeant.
2611 5254 2797 5327 Itaque
2825 5257 3075 5314 ascendit
3102 5273 3305 5329 equum
3334 5271 3445 5329 quo
3471 5256 3780 5321 desilierat,

2175 5345 2345 5400 muris
2368 5347 2686 5415 proximus;
2732 5359 2789 5405 et
2814 5363 3120 5407 conversus
3147 5349 3214 5406 ad
3245 5350 3423 5407 lacum
3455 5390 3471 5418 ,
3516 5364 3616 5421 per
3652 5349 3781 5406 fluc-

2173 5441 2262 5493 tus
2287 5451 2550 5507 aquarum
2605 5438 2798 5498 urbem
2839 5441 3100 5512 petebat;
3151 5442 3470 5514 primusque
3504 5440 3562 5498 in
3588 5438 3775 5498 urbem

2250 5560 2274 5588 °
2304 5550 2450 5608 Illic.
2477 5554 2553 5610 In.

2244 5620 2270 5742 ξ
2296 5622 3074 5768 ὦίάὲἳιὶιὶηνὶιὶε.
3095 5630 3378 5691 Gutum.
