3964 6316
167 324 353 382 2097

1081 329 1355 387 HISTOR.
1401 330 1488 385 DE
1529 327 1810 387 EXCIDIO
1847 328 2124 388 HIEROS.
2166 331 2370 388 URBIS
2408 328 2537 387 LIB.
2580 331 2670 388 lll.

3383 335 3525 390 2098

178 441 399 509 irruit,
428 454 525 500 et'i
557 454 741 514 postea
777 447 986 501 ca-tcri.
1014 446 1323 516 Statimque
1351 461 1544 502 omnes
1561 447 1651 517 qui
1677 447 1820 504 inte-
1846 451 1900 510 Α
1924 448 2014 504 ubi
2046 448 2192 503 nasci
2215 463 2245 503 a
2274 448 2656 519 superioribus
2681 451 2944 518 temporis
2971 449 3105 504 viris
3129 449 3521 505 aestimabatur.

178 534 327 591 rius
356 547 540 603 erant,
561 536 792 609 dispersi
826 538 878 593 in
910 538 1088 609 fugam
1117 578 1132 604 ,
1161 538 1255 594 alii
1283 541 1779 611 prosternehantur
1805 583 1820 610 ,

180 629 300 684 alii
333 631 700 687 ascendentes
732 633 942 704 navigia
970 675 985 695 .
1011 634 1064 688 in
1098 634 1276 689 lacum
1316 635 1775 704 demergebantur
1803 677 1818 703 ,

184 726 340 780 caesi
378 727 526 780 intus
556 726 712 782 multi
740 729 1022 782 mortales.
1065 727 1210 784 Sane
1236 730 1328 799 qui
1373 729 1442 784 de
1473 731 1616 800 agris
1643 739 1820 797 erant,

183 817 522 874 offerebant
548 832 673 874 sese
704 818 963 873 Romanis
987 819 1199 875 alienos
1233 821 1408 890 culpa:
1464 833 1774 877 asserentes
1805 863 1821 890 ,

186 911 412 981 quibus
441 910 529 980 pio
559 910 934 968 moderamine
967 912 1122 968 Titus
1173 914 1502 983 parcendum
1551 915 1770 984 putabat
1805 955 1820 980 ,

188 1003 364 1058 solos
391 1017 595 1073 urgens
629 1002 947 1060 rebellionis
994 1013 1272 1061 auctores.
1331 1005 1476 1060 Misit
1532 1007 1716 1076 itaque
1755 1008 1820 1060 ad

195 1106 427 1165 patrem
471 1097 710 1166 equitem
737 1138 753 1163 ,
796 1098 888 1167 qui
911 1098 1188 1153 nuntiaret
1247 1109 1502 1154 eventum
1553 1099 1819 1153 victoriae.

191 1189 331 1258 Quo
359 1189 664 1244 delectatus
692 1188 1064 1260 Vespasianus
1101 1230 1114 1254 ,
1145 1199 1201 1245 et
1233 1193 1470 1245 maxime
1507 1189 1602 1243 filii
1634 1189 1822 1245 trium-

196 1281 347 1352 pho,
382 1283 473 1352 qui
500 1281 790 1336 maximam
822 1281 1129 1350 portionem
1165 1281 1328 1336 totius
1352 1280 1481 1336 belli
1511 1282 1825 1336 confecerat

196 1373 359 1444 quod
387 1373 651 1428 adversus
677 1371 920 1428 Judmam
947 1372 1274 1444 gerebatur,
1303 1387 1369 1428 co
1391 1372 1672 1428 contendit
1704 1413 1721 1440 ,
1769 1381 1827 1427 et

192 1466 374 1537 jussit
403 1466 680 1521 observari
712 1465 902 1522 urbem
930 1465 1279 1536 diligentius,
1313 1481 1381 1522 ne
1408 1466 1530 1536 quis
1565 1465 1824 1521 elabere-

202 1569 326 1627 tur,
361 1575 428 1616 eo
451 1560 597 1631 quod
629 1561 868 1616 universi
906 1575 1080 1632 poena:
1110 1559 1460 1616 deberentur.
1488 1559 1612 1616 Alio
1641 1567 1820 1615 tamen

200 1653 305 1709 die
336 1662 562 1724 propter
585 1668 683 1710 eos
722 1655 814 1724 qui
870 1653 922 1708 in
973 1654 1206 1724 scaphas
1261 1668 1382 1708 sese
1431 1654 1818 1720 contulerant,

202 1755 369 1801 rates
399 1744 518 1801 ﬁeri
545 1745 744 1815 jussit:
779 1760 899 1816 quae
929 1745 1048 1801 sine
1080 1759 1233 1800 mora
1255 1745 1446 1811 factm;
1478 1747 1734 1816 quoniam
1767 1754 1822 1801 et

1926 541 2038 597 Nec
2062 551 2241 596 tamen
2273 558 2300 594 a
2335 543 2604 612 principio
2645 541 2836 596 eadem
2888 543 3076 596 l‘g’auuii
3105 584 3120 609 ,
3153 541 3258 596 nisi
3289 541 3402 595 Sola
3434 556 3530 595 na-

1926 637 2119 693 turalis
2145 638 2349 707 gratia:
2397 637 2490 691 sed
2527 637 2726 707 regalis
2757 635 3011 708 Agrippa:
3042 636 3414 692 munificentia
3443 651 3534 691 or-

1926 739 2089 785 natus
2120 731 2238 785 loco
2283 730 2502 784 uberior
2527 728 2977 799 splendidiorque
3007 727 3210 793 aditus,
3246 744 3354 798 quo
3400 742 3528 798 spe-

1927 823 2088 877 lmum
2113 823 2312 877 decore
2336 821 2670 885 admirabili,
2708 837 2804 890 per
2832 820 2975 892 quod
3012 836 3133 875 sese
3180 821 3373 874 attollit
3407 820 3532 875 Jor-

1926 914 2100 978 danis,
2135 922 2472 969 exstructum
2507 921 2962 984 venustatumque
3003 915 3334 982 accepimus.
3373 911 3530 968 Unde

1926 1023 2036 1063 non
2070 1009 2258 1063 latenti
2287 1009 2396 1076 jam
2429 1023 2606 1076 neque
2634 1006 2820 1061 abdito
2866 1023 2960 1076 per
2988 1020 3156 1061 cavos
3184 1017 3343 1062 terrae
3375 1022 3528 1062 mea-

1928 1110 2034 1170 lus,
2069 1102 2164 1158 sed
2191 1102 2387 1156 \‘isibili
2419 1117 2517 1172 per
2547 1111 2720 1157 terras
2752 1110 2914 1172 atque
2947 1112 3139 1172 aperto
3177 1100 3396 1156 flumine
3447 1101 3527 1155 in-

1926 1195 2134 1265 cipiens
2158 1235 2173 1260 ,
2206 1192 2602 1264 superfundere
2651 1208 2711 1247 se
2751 1193 3252 1249 Semecbonitidem
3303 1193 3478 1247 lacum
3507 1232 3523 1257 ,

1927 1285 2267 1356 paludeSque
2297 1287 2414 1354 ejus
2447 1285 2760 1340 intersecat.
2783 1284 2912 1338 Inde
2940 1299 3158 1354 quoque
3182 1299 3376 1340 cursus
3398 1297 3528 1337 suos

1927 1378 2189 1449 dirigens,
2221 1388 2436 1433 centum
2464 1377 2654 1448 viginti
2681 1376 2855 1432 stadia
2887 1377 3006 1431 sine
3034 1377 3143 1431 ulla
3171 1375 3529 1431 interfusione

1928 1470 2272 1540 progreditur
2293 1484 2467 1539 usque
2493 1468 2561 1524 ad
2586 1469 2792 1536 urbem,
2826 1470 2913 1523 cui
2943 1468 3116 1524 Julias
3143 1486 3341 1526 nomen
3363 1488 3374 1522 :
3397 1484 3523 1537 pos-

1929 1575 2012 1620 tea
2042 1564 2216 1620 lacum
2242 1566 2404 1622 istum
2434 1567 2522 1638 qui
2558 1566 2802 1622 Genesar
2829 1566 3026 1620 dicitur
3062 1606 3077 1632 ,
3109 1565 3288 1620 medio
3339 1565 3533 1619 transit

1926 1658 2161 1713 fluento:
2188 1659 2385 1729 quibus
2410 1674 2474 1714 ex
2508 1658 2640 1714 locis
2675 1659 2904 1730 plurima
2951 1659 3396 1727 circumvagatus
3426 1655 3525 1711 de-

1927 1761 2092 1816 serta,
2128 1749 2438 1821 Asphaltite
2465 1751 2759 1822 suscipitur
2787 1751 2936 1818 lacu,
2971 1759 3136 1818 atque
3168 1750 3224 1804 in
3255 1763 3530 1805 eumcon-

202 1838 366 1893 silva:
396 1840 659 1906 finitimae,
691 1849 747 1894 et
769 1839 1007 1909 Operarii
1039 1838 1286 1910 plerique
1323 1839 1664 1895 accelerandi
1698 1855 1820 1894 mu-
1852 1847 1900 1907 Β
1927 1840 2098 1897 ditur.
2124 1842 2311 1913 Itaque
2355 1842 2494 1897 duos
2529 1843 2679 1898 lacus
2725 1844 2900 1897 victor
2923 1857 3179 1913 egressus
3215 1884 3230 1907 ,
3283 1843 3336 1895 in
3366 1841 3530 1895 tertio

205 1932 362 1988 neris
386 1931 697 1989 facultatem
719 1932 941 1988 dedere.

795 2025 1023 2082 CAPUT
1046 2024 1240 2080 XXVI.

284 2117 529 2190 Namque
561 2118 714 2176 lacus
745 2119 939 2191 ipsius,
968 2119 1119 2176 velut
1139 2120 1375 2190 quodam
1415 2117 1582 2173 maris
1611 2117 1817 2172 ambitu

206 2213 369 2268 sinus
407 2212 776 2284 amplissimus
809 2255 822 2278 ,
873 2213 927 2267 in
977 2211 1368 2283 longitudinem
1417 2220 1640 2267 centum
1688 2226 1820 2282 qua-

211 2307 470 2379 draginta
522 2307 840 2365 extenditur
875 2307 1048 2363 stadia
1084 2349 1100 2376 ,
1143 2306 1430 2362 latitudine
1460 2304 1820 2376 quadraginta

209 2403 556 2471 diffunditur,
588 2403 953 2474 crispantibus
977 2403 1135 2474 aquis
1160 2416 1348 2456 auram
1380 2399 1448 2455 de
1498 2400 1684 2470 seipso
1714 2398 1818 2454 sibi

210 2497 483 2553 excitans.
517 2494 676 2551 Unde
705 2505 760 2550 et
788 2495 1033 2551 Genesar
1063 2494 1261 2549 dicitur
1301 2493 1496 2550 Graeco
1525 2492 1816 2555 vocabulo,

210 2589 366 2661 quasi
389 2604 655 2660 generans
686 2588 789 2642 sibi
824 2603 1042 2642 aurain:
1092 2602 1234 2658 aqua
1263 2586 1442 2641 dulcis
1473 2628 1488 2649 ,
1517 2593 1571 2641 et
1615 2585 1683 2639 ad
1725 2598 1819 2654 po-

211 2680 441 2738 tandum
471 2681 700 2736 habilis:
724 2679 988 2751 siquidem
1014 2693 1116 2734 nec
1143 2679 1399 2749 palustris
1425 2679 1641 2748 uliginis
1664 2691 1816 2733 cras-

213 2790 334 2831 sum
352 2775 553 2846 aliquid
577 2785 668 2830 aut
698 2774 971 2830 turbidum
1005 2773 1202 2844 recipit
1231 2816 1245 2841 ,
1277 2773 1402 2843 quia
1441 2786 1675 2826 arenoso
1715 2787 1820 2826 un-

213 2869 382 2940 dique
405 2869 585 2923 littore
613 2868 1066 2934 circumvenitur,
1104 2876 1160 2922 et
1209 2865 1567 2936 temperatior
1610 2873 1698 2919 cst
1722 2863 1819 2920 flu-

215 2962 342 3018 viali
369 2970 462 3017 aut
495 2961 659 3017 fontis
689 2960 890 3029 rigore.
935 2959 1208 3031 Frigidior
1239 2967 1416 3015 tamen
1451 2958 1677 3029 placida:
1720 2973 1817 3028 pa-

215 3053 358 3110 ludis
387 3069 605 3125 :equore
635 3094 651 3122 ,
682 3068 750 3109 eo
802 3054 922 3122 ipso
946 3052 1089 3124 quod
1133 3066 1240 3108 non
1291 3052 1344 3107 in
1389 3053 1564 3122 stagni
1610 3065 1818 3106 morem

216 3147 480 3203 sternitur
509 3163 645 3218 aqua
675 3188 688 3212 ,
722 3145 818 3202 sed
849 3161 948 3217 per
979 3144 1259 3201 diffusiora
1326 3145 1500 3214 spatia
1533 3145 1680 3200 lacus
1711 3143 1820 3200 fre-

1925 1934 2114 1989 hzcret.
2146 1935 2445 1990 Praetendit
2465 1943 2644 1990 autem
2675 1935 2825 2005 regio
2857 1933 3132 2002 Genesar,
3160 1933 3406 2004 ejusdem
3437 1946 3532 1986 no-

1924 2030 2090 2085 minis
2111 2031 2308 2096 lacum,
2339 2031 2410 2084 de
2440 2045 2547 2100 quo
2569 2040 2622 2085 et
2650 2030 2768 2100 ipsa
2808 2029 3133 2084 vocabulum
3182 2026 3476 2096 assumpsit
3511 2066 3526 2092 ,

1923 2123 2162 2178 mirabili
2190 2132 2396 2178 naturae
2416 2123 2588 2193 gratia
2615 2131 2670 2177 et
2701 2123 2883 2190 specie
2915 2118 3360 2192 pulchritudinis.
3390 2116 3528 2172 Nam

1922 2225 1977 2271 et
1998 2223 2328 2287 spontaneos
2357 2214 2566 2270 fructus
2589 2215 2690 2269 soli
2720 2215 2942 2270 ubertas
2974 2215 3246 2269 ministrat
3276 2255 3291 2280 ,
3337 2223 3391 2268 et
3433 2228 3530 2268 ne-

1923 2324 2137 2364 morum
2165 2309 2317 2364 ferax
2344 2309 2395 2363 in
2421 2309 2671 2363 universa
2705 2322 2905 2378 genera
2951 2317 3145 2378 sponte
3174 2322 3232 2360 se
3254 2305 3483 2376 subrigit
3513 2323 3526 2358 :

1923 2401 2182 2454 arborum
2235 2399 2629 2470 pomiferarum
2667 2409 2722 2456 et
2765 2401 2996 2455 cultura:
3055 2400 3273 2453 solertia
3318 2398 3526 2454 imitata

1924 2503 2199 2560 naturam,
2234 2493 2285 2547 in
2332 2507 2470 2563 quos
2495 2493 2662 2547 voluit
2703 2507 2831 2547 usus
2867 2535 2881 2559 ,
2936 2492 3132 2562 opima:
3181 2490 3532 2546 fecunditatis

1923 2585 2146 2641 deflexit
2172 2585 2434 2654 gratiam;
2465 2594 2523 2638 ut
2568 2583 2702 2638 nihil
2736 2585 2807 2638 sit
2837 2584 2948 2638 illic
2970 2582 3114 2653 quod
3146 2591 3334 2636 natura
3361 2597 3527 2652 nega-

1925 2681 2083 2744 verit,
2119 2679 2253 2733 nihil
2298 2678 2441 2748 quod
2491 2678 2702 2732 cultura
2735 2677 3084 2747 prmterierit:
3125 2677 3197 2731 ita
3229 2686 3386 2745 aptus
3413 2691 3531 2729 om-

1924 2775 2124 2839 nibus,
2169 2789 2269 2829 ncc
2292 2773 2412 2829 ullis
2461 2788 2717 2842 umquam
2773 2771 2986 2828 alienus
3024 2771 3311 2827 fructibus.
3364 2769 3531 2838 Cujus

1923 2877 2069 2923 tanta
2098 2869 2390 2938 temperies
2419 2909 2434 2933 ,
2472 2877 2528 2920 ut
2560 2865 2803 2921 omnium
2849 2865 3191 2922 nasccntium
3243 2863 3530 2918 conveniat

1923 2961 2248 3016 diversitati.
2283 2959 2398 3014 Illic
2426 2968 2617 3030 etquae
2661 2958 2866 3029 frigore
2893 2958 3148 3026 aluntur,
3183 2973 3303 3012 sese
3346 2956 3532 3010 multi-

1925 3055 2143 3126 pliciter
2169 3053 2471 3110 cfl'undunt.
2499 3062 2553 3108 et
2576 3069 2696 3123 qua:
2735 3062 2868 3108 :estu
2901 3053 3173 3108 foventur.
3202 3051 3315 3106 lllic
3341 3051 3528 3105 aestiva

1925 3148 2170 3202 hibernis
2195 3146 2364 3201 mixta
2390 3146 2550 3200 simul
2577 3146 2834 3216 aspicias,
2864 3154 3076 3200 arctoas
3109 3159 3297 3210 nuces,
3323 3155 3378 3198 et
3403 3143 3531 3198 dac-

217 3240 470 3312 quentius
491 3239 638 3295 auris
687 3239 1019 3310 spirantibus
1051 3238 1315 3309 agitatur:
1369 3235 1890 3308 undegetpuriorC
1925 3242 2066 3314 tylos
2121 3241 2222 3295 nisi
2289 3239 2427 3295 locis
2491 3239 2915 3295 ferventioribus
2978 3239 3227 3309 generari
3288 3239 3524 3292 nescios.

219 3334 446 3388 haustus
474 3333 613 3404 ejus,
645 3347 709 3388 ac
732 3333 951 3388 mollior
980 3340 1067 3387 cst
1095 3331 1162 3386 ad
1212 3347 1370 3387 usum
1395 3331 1652 3397 bibendi;
1686 3341 1742 3386 et
1771 3330 1820 3386 si

217 3429 338 3500 quis
364 3427 592 3482 naturali
620 3429 808 3499 gratia:
831 3426 1071 3482 studium
1097 3425 1394 3496 adjungere
1429 3425 1563 3479 vclit
1583 3467 1596 3487 ,
1635 3433 1695 3478 ut
1716 3438 1819 3478 aes-

219 3520 340 3576 tivis
368 3534 710 3591 suspensam,
745 3519 812 3574 ad
843 3534 1007 3573 auras
1037 3517 1288 3573 noctibus
1329 3532 1480 3573 more
1513 3517 1814 3572 incolarum

218 3614 364 3685 potui
393 3621 561 3684 patet,
591 3612 1008 3682 haudquaquam
1053 3627 1080 3664 a
1113 3610 1253 3664 nivis
1285 3611 1390 3664 ritu
1420 3608 1630 3664 distare
1669 3608 1818 3664 arbi-

219 3717 414 3764 tretur.
467 3706 678 3762 Genera
724 3721 938 3776 quoque
1001 3705 1229 3774 piscium
1286 3711 1448 3772 gustu
1499 3712 1554 3759 et
1582 3704 1766 3772 specie
1798 3745 1814 3772 ,

217 3815 376 3871 quam
405 3800 457 3853 in
491 3799 600 3854 alio
629 3799 1032 3869 praestantiora.
1081 3797 1186 3852 Res
1217 3797 1437 3867 exigere
1480 3796 1728 3864 videtur,
1759 3806 1818 3851 ut

217 3890 471 3948 Jordanis
517 3899 696 3946 ortum
733 3905 895 3961 quem
947 3889 1076 3944 alibi
1126 3889 1479 3959 promisimus
1501 3887 1554 3953 δ,
1605 3889 1819 3957 aperia-

221 3999 376 4040 mus:
409 3999 533 4038 nam
564 3983 863 4054 superioris
897 3982 995 4038 aevi
1023 3982 1222 4046 dubio,
1259 3991 1435 4035 utrum
1468 3980 1536 4035 de
1567 3980 1688 4035 lacu
1713 3980 1819 4037 Ge-

221 4093 400 4143 nesar,
425 4077 624 4133 flumen
651 4080 736 4131 cui
779 4091 976 4131 nomen
1004 4074 1288 4138 Jordanis,
1313 4075 1624 4128 exoriretur
1645 4114 1661 4139 ,
1691 4073 1820 4127 Phi-

221 4174 401 4244 lippus
431 4171 736 4228 tetrarches
756 4169 1161 4227 Trachonitidis
1205 4168 1444 4239 regionis
1472 4167 1665 4222 falsam
1703 4167 1820 4237 opi-

223 4270 437 4324 nionem
490 4265 816 4336 redarguit,
859 4278 1216 4333 erroremque
1279 4261 1558 4328 absolvit,
1597 4261 1820 4316 mittens

225 4361 406 4433 paleas
435 4360 486 4415 in
515 4359 785 4424 Phialam,
816 4372 953 4428 quas
976 4358 1030 4410 in
1058 4355 1268 4410 Pannio
1304 4354 1500 4408 fluvius
1551 4353 1818 4408 cbullivit.

224 4455 376 4513 Unde
407 4457 574 4524 liquet
603 4471 708 4509 non
740 4452 1022 4508 exordium
1048 4465 1171 4504 esse
1201 4449 1459 4504 Jordanis
1484 4446 1537 4502 in
1569 4446 1776 4501 Pannio
1801 4488 1817 4513 ,

224 4548 318 4605 sed
346 4547 627 4602 fluentum.
661 4546 777 4602 Non
807 4546 950 4600 enim
984 4544 1057 4598 ibi
1099 4543 1224 4598 fons
1248 4543 1368 4613 ejus
1397 4550 1501 4602 est.
1529 4550 1590 4595 ut
1629 4541 1697 4595 ab
1728 4555 1818 4604 eo,

1919 3336 2058 3405 Quid
2094 3336 2228 3389 licus
2252 3343 2346 3389 aut
2377 3333 2562 3390 auleas
2590 3334 2784 3404 loquar
2814 3376 2828 3399 ,
2873 3349 3005 3403 quas
3036 3331 3162 3387 ρωΙὶ
3189 3332 3406 3386 mollior
3432 3331 3532 3385 alit

1920 3427 2162 3482 tractus?
2185 3441 2285 3481 nec
2317 3434 2496 3480 tamen
2523 3435 2810 3494 mquantur
2841 3425 2947 3478 illis
2994 3423 3412 3493 superioribus:
3447 3422 3525 3476 illi

1918 3520 2065 3576 enim
2122 3518 2450 3588 principales
2494 3517 2807 3572 Palmstinae
2833 3558 2847 3581 ,
2883 3525 2936 3572 et
2981 3515 3199 3586 quidem
3239 3514 3530 3570 domeStici

1919 3612 2152 3676 fructus,
2180 3626 2356 3681 eoque
2382 3611 2700 3666 uberiores:
2736 3611 2791 3664 hi
2819 3623 3102 3680 suppares,
3130 3618 3187 3663 et
3213 3607 3342 3663 licet
3367 3607 3530 3677 longo

1920 3705 2230 3770 intervallo,
2284 3704 2380 3760 sed
2412 3713 2593 3760 tamen
2625 3700 2650 3740 (ί
2695 3703 2958 3774 proximis
2986 3745 3000 3768 ,
3041 3703 3193 3756 dicas
3241 3709 3450 3756 natura:
3476 3709 3532 3756 et

1919 3795 2537 3868 temporumjucundam
2571 3796 2998 3849 contentionem.
3045 3791 3144 3846 Illa
3173 3793 3328 3862 quasi
3355 3801 3528 3848 mater

1920 3891 2151 3945 fecunda
2185 3890 2365 3944 omnia
2395 3900 2542 3944 creat
2571 3907 2582 3943 :
2614 3889 2809 3943 horum
2855 3888 3150 3958 temperies
3195 3887 3349 3956 quasi
3382 3886 3528 3941 bona

1922 3985 2128 4051 nutrix,
2156 3983 2304 4037 molli
2329 3982 2442 4038 fetu
2467 3983 2722 4037 universa
2755 3982 2973 4036 educat.
2999 3980 3184 4050 Itaque
3208 3995 3314 4034 non
3346 3979 3523 4035 solum

1921 4078 2130 4133 affatim
2156 4086 2488 4149 generantur
2513 4090 2794 4147 pomorum
2827 4074 3197 4139 diversitates,
3237 4073 3333 4128 sed
3361 4075 3528 4129 etiam

1921 4180 2352 4236 conservantur;
2404 4182 2460 4225 nt
2500 4171 2681 4241 aliqua
2712 4185 2914 4240 genera
2961 4169 3196 4224 maxima
3218 4177 3374 4240 parte
3400 4167 3532 4222 anni

1925 4279 2032 4319 non
2064 4263 2350 4320 deficiant:
2393 4262 2601 4333 reliqua
2627 4263 2809 4317 omnia
2857 4270 2968 4317 tota
2997 4262 3124 4316 anni
3152 4268 3313 4316 aetate
3357 4275 3530 4330 usque

1923 4357 1990 4412 ad
2024 4357 2184 4412 finem
2228 4357 2524 4427 supersint.
2579 4355 2715 4409 Nam
2755 4365 2810 4410 et
2841 4369 2961 4408 uva:
2991 4364 3046 4409 et
3077 4354 3212 4408 ficus
3239 4368 3358 4423 quae
3403 4361 3532 4407 sunt

1925 4451 1980 4505 in
2013 4449 2269 4516 insitivis,
2299 4449 2502 4518 regalis
2536 4447 2819 4517 cujusdam
2848 4446 3060 4515 gratias,
3089 4445 3278 4501 decem
3330 4445 3534 4499 mensi-

1924 4544 2029 4600 bus
2059 4545 2177 4599 sine
2198 4543 2310 4598 ullo
2337 4542 2554 4598 defectu
2597 4541 2906 4597 redundant
2937 4581 2950 4606 ,
2990 4549 3044 4594 ct
3077 4540 3269 4610 reliqui
3323 4540 3532 4594 fructus

225 4656 323 4696 usu
344 4649 663 4696 czctcrorum
700 4638 985 4693 fluminum
1024 4634 1291 4705 coeperit:
1321 4633 1418 4689 sed
1447 4632 1516 4688 de
1543 4633 1730 4687 Phiala
1763 4635 1816 4687 in
1843 4620 1896 4682 D
1925 4653 2198 4694 ramorum
2231 4679 2247 4705 ,
2277 4651 2412 4708 quos
2448 4635 2536 4691 vel
2586 4635 2840 4689 violentia
2894 4647 3017 4688 rura
3065 4640 3260 4702 sponte
3311 4633 3530 4703 propria

224 4732 432 4789 Tracho
461 4732 652 4788 eodem
683 4729 1062 4786 subterraneis
1091 4728 1370 4783 derivatus
1411 4726 1704 4792 meatibus,
1743 4724 1815 4780 ibi

224 4827 419 4882 iterum
449 4826 602 4896 quasi
633 4823 753 4880 fons
779 4823 1026 4888 scaturit,
1053 4831 1213 4891 atque
1231 4833 1517 4889 emergens
1543 4818 1815 4889 proditur.

226 4918 325 4975 Est
351 4930 528 4973 autem
561 4917 748 4972 Phiala
779 4915 831 4970 in
877 4912 1264 4969 Trachonitide
1301 4921 1464 4978 terra,
1497 4917 1714 4966 centum
1735 4910 1816 4964 vi-

226 5012 356 5084 ginti
391 5008 844 5080 interjacentibus
876 5004 1097 5071 stadiis,
1124 5019 1294 5075 usque
1322 5002 1390 5058 ad
1423 5001 1609 5057 urbem
1633 5000 1816 5057 Caesa-

229 5119 401 5160 ream.
436 5101 638 5158 Pbial:e
665 5110 847 5157 autem
892 5114 1090 5154 nomen
1120 5108 1141 5136 ο
1171 5111 1296 5166 spes
1325 5095 1515 5161 dedit,
1547 5095 1703 5166 quasi
1728 5111 1816 5149 ro-

229 5205 298 5253 tae
323 5195 630 5266 qualitatem
655 5194 967 5263 exprimens
997 5234 1011 5255 ,
1043 5189 1187 5262 quod
1221 5191 1292 5244 ita
1326 5188 1525 5259 jugiter
1551 5188 1712 5258 plena
1737 5197 1823 5243 est

229 5306 481 5357 aquarum
513 5331 528 5355 ,
561 5299 623 5344 ut
648 5302 825 5358 neque
851 5283 1222 5356 superfluant,
1260 5298 1360 5337 nec
1403 5297 1594 5336 rursus
1640 5281 1824 5352 aliqua

230 5385 460 5442 derivari
522 5383 827 5438 minutione
895 5379 1291 5447 intelligantur.
1348 5375 1579 5430 Inferius
1647 5373 1828 5444 itaque

230 5494 482 5537 mensura
505 5477 740 5547 quadam
772 5475 973 5530 labitur
1002 5486 1163 5542 aqua,
1199 5479 1254 5523 et
1275 5468 1368 5523 ubi
1402 5468 1664 5522 Pannium
1693 5476 1777 5523 est
1810 5508 1824 5532 ,

233 5587 418 5631 rursus
439 5571 634 5629 ebullit
666 5611 682 5638 ,
714 5578 774 5624 ut
817 5567 989 5639 paleis
1033 5561 1451 5633 resurgentibus
1515 5557 1829 5615 manifesta-

234 5678 342 5724 tum
361 5674 469 5723 est.
499 5664 578 5719 Ita
606 5662 680 5718 ibi
720 5659 976 5716 Jordanis
1015 5653 1388 5714 resurrexisse
1430 5651 1678 5724 proditus
1707 5659 1826 5720 est,

305 5789 328 5817 ⁸
363 5777 428 5848 Et
451 5784 566 5848 post
599 5790 717 5848 eum
737 5773 926 5848 ueteri.
951 5771 1120 5848 Batti}.

308 5849 333 5886 δ
371 5837 643 5902 Nimirum
665 5845 758 5898 lib.
795 5837 840 5905 l,
869 5857 992 5910 cap.
1023 5841 1115 5896 '55.
1144 5839 1220 5894 In.

1922 4731 2308 4802 prmeaverint,
2345 4728 2434 4784 vel
2469 4725 2919 4799 ingeneraverint
2967 4724 3234 4780 industria
3267 4725 3528 4790 humana,

1923 4823 2289 4879 ministerium
2338 4837 2495 4876 suum
2526 4863 2541 4886 ,
2574 4819 2678 4875 nisi
2711 4819 2868 4875 novis
2910 4816 3330 4873 succedentibus
3361 4858 3376 4882 ,
3431 4831 3534 4871 usu

1921 4917 2159 4987 quodam
2190 4913 2692 4970 administrantium
2741 4912 3001 4966 deserere
3040 4925 3147 4964 non
3179 4917 3405 4963 norunt.
3449 4906 3533 4961 Ad

1925 5009 2066 5064 hanc
2085 5017 2292 5063 naturae
2315 5006 2648 5062 fertilitatem
2694 5012 2750 5058 et
2778 5004 2925 5058 aeris
2959 5001 3302 5072 temperiem,
3327 4998 3538 5055 accedit

1923 5109 1979 5156 et
2002 5098 2166 5155 fontis
2194 5097 2368 5168 gratia
2394 5139 2409 5164 ,
2459 5097 2551 5166 qui
2603 5103 2958 5150 memoratam
2993 5092 3272 5163 regionem
3316 5089 3538 5160 genitali

1937 5193 2172 5264 quadam
2228 5192 2416 5261 irrigat
2466 5188 2738 5244 inlusione
2763 5228 2778 5251 ,
2819 5185 3160 5256 Capernaum
3213 5197 3408 5239 nomen
3439 5181 3488 5237 ei
3521 5222 3537 5246 ,

1931 5300 2092 5356 quam
2122 5283 2228 5338 Nili
2266 5281 2505 5337 ﬂuminis
2533 5294 2726 5336 venam
2758 5320 2772 5345 ,
2808 5277 2953 5333 haud
3001 5275 3276 5347 superfluo
3316 5273 3535 5344 quidam

1930 5376 2373 5431 :eStimaverunt:
2399 5387 2510 5426 non
2543 5373 2720 5426 solum
2767 5368 2893 5439 quia
2927 5368 3145 5440 irriguis
3181 5381 3307 5420 arra
3331 5365 3536 5434 opima,

1929 5483 2118 5524 verum
2146 5467 2310 5522 etiam
2335 5465 2460 5536 quia
2493 5464 2807 5534 huiusmodi
2850 5473 3000 5519 creat
3027 5462 3254 5534 piscem,
3285 5470 3342 5514 ut
3375 5473 3537 5512 cora-

1931 5561 2116 5616 cinum
2151 5567 2308 5629 putes
2335 5598 2350 5624 ,
2401 5556 2496 5628 qui
2526 5557 2581 5611 in
2613 5556 2988 5612 Alexandrino
3039 5553 3158 5608 lacu
3179 5567 3244 5605 ex
3271 5549 3375 5605 Nili
3401 5549 3542 5603 infu-

1930 5653 2090 5710 sione
2111 5651 2406 5722 reperitur.
2427 5650 2606 5706 Locus
2622 5664 2838 5721 quoque
2851 5649 2922 5706 de
2940 5646 3157 5706 nomine
3175 5644 3322 5700 lacus
3340 5643 3539 5698 dictus.

2028 5760 2308 5834 especiea.
2342 5761 2422 5821 In.
2536 5830 2549 5834 μ
2711 5830 2758 5834 __
2868 5823 2870 5825 ,

2030 5833 2056 5869 ἀ
2092 5827 2328 5886 Proximi
2359 5830 2644 5903 legendum
2674 5830 2911 5886 videtur.
2942 5830 3016 5884 l'p‘.
