3964 6324
443 275 588 332 2099

1791 275 2036 333 SANCTI
2077 273 2405 333 AMBROSII

3617 271 3767 326 2l00

448 391 812 449 Praetenditur
834 392 885 446 in
919 391 1256 461 longitudine
1305 390 1525 461 triginta
1578 389 1805 457 stadiis,
1843 392 1898 446 in
1926 391 2049 446 lati-
2073 393 2126 456 Α
2152 390 2324 458 odor,
2351 392 2660 447 teterrimns
2693 390 2834 448 fetor
2873 393 3139 449 locorum.
3174 391 3280 450 Sex
3323 392 3497 449 millia
3537 391 3767 449 Iudaeo-

449 485 637 540 tudine
666 483 875 555 viginti.
899 482 1169 550 Quoniam
1202 482 1270 539 de
1292 491 1483 537 natura
1515 482 1618 538 loci
1668 481 1906 537 diximus
1932 522 1945 545 ,
1978 482 2046 538 ad

449 576 977 633 consummationem
1029 574 1203 644 praelii
1264 574 1657 644 regrediamnr.
1724 572 2050 643 Praeparatis

449 669 635 741 itaque
663 669 893 733 ratibus,
920 665 1221 723 secundum
1246 675 1583 737 praeceptum
1615 679 1795 733 suum,
1830 680 2050 722 manum

448 763 742 818 militarem
791 760 1052 827 imposuit
1101 758 1506 830 Vespasianus,
1559 759 1649 830 qui
1692 760 2053 815 insectaretur

448 872 544 914 eos
566 856 660 927 qui
703 855 1047 926 navigiorum
1080 853 1279 924 effugio
1319 862 1524 924 pestem
1558 864 1866 909 evaserant.
1912 851 2051 921 Quid

451 951 616 1022 igitur
649 948 912 1014 facerent,
945 963 1051 1001 non
1082 946 1449 1017 reperiebant.
1483 945 1747 1000 Nullusin
1782 945 1943 1000 terris
1974 959 2057 999 sa-

449 1042 578 1099 lutis
610 1037 1145 1106 locus;circumfusa
1190 1039 1347 1094 hoste
1394 1038 1606 1093 omnia:
1634 1038 1780 1093 nulla
1824 1038 1876 1092 in
1900 1037 2056 1108 aquis

446 1132 686 1207 fugiendi
707 1140 981 1202 potestas:
1003 1141 1059 1185 ut
1085 1141 1210 1201 pote
1237 1130 1355 1186 lacu
1374 1129 1580 1197 clauso,
1601 1138 1655 1185 et
1686 1129 1922 1199 undique
1948 1127 2059 1184 Ro-

444 1227 621 1282 manis
649 1225 1003 1282 circnmdato.
1035 1223 1188 1279 Nulla
1214 1224 1375 1277 etiam
1406 1222 1458 1276 iu
1482 1222 1690 1291 exiguis
1714 1219 2060 1292 myoparoni-

448 1321 552 1374 bus
581 1316 868 1373 resistendi
886 1317 1103 1373 ﬁducia.
1133 1315 1272 1385 Quid
1295 1316 1440 1371 enim
1473 1315 1629 1385 pauci
1655 1315 1915 1369 adversus
1937 1314 2057 1384 plu-

452 1413 623 1468 rimos
646 1411 890 1466 facerent
916 1451 933 1478 ,
960 1410 1168 1466 ratibus
1211 1407 1808 1480 appropinquantibus?
1830 1408 2060 1465 Tardior

449 1505 671 1575 quidem
701 1504 891 1558 barum
922 1501 1207 1572 appulsus,
1235 1511 1290 1557 et
1312 1500 1588 1556 efﬁcacior
1615 1515 1877 1558 excursus
1906 1500 2061 1556 navi-

448 1598 687 1668 giorum,
716 1596 810 1651 sed
828 1595 947 1651 sine
972 1595 1083 1650 ullo
1111 1595 1195 1650 sui
1220 1594 1447 1651 vulnere
1474 1594 1576 1649 soli
1604 1594 1946 1666 clypeorum,
1970 1609 2061 1651 re-

448 1688 733 1758 percussis
789 1688 1016 1759 spiculis
1051 1730 1065 1754 ,
1128 1687 1370 1757 crepitus
1415 1688 1799 1743 audiebantur.
1852 1690 2063 1759 Approo

2153 499 2271 538 rum
2295 483 2444 551 (cum
2495 484 2872 554 superioribus
2928 483 3131 555 tamen)
3160 484 3265 540 etb
3307 484 3650 555 septingenti
3695 500 3764 541 co

2155 576 2462 645 interempti
2506 575 2717 643 praelia.
2744 576 2933 632 Victor
2953 576 3322 648 Vespasianus
3350 576 3658 633 Taricireas
3677 593 3767 633 re-

2156 670 2413 724 vertitur:
2468 669 2577 725 illic
2605 671 2842 741 regionis
2884 672 3140 740 populum
3187 670 3256 724 ab
3301 671 3512 725 urbano
3550 671 3769 726 discer-

2156 776 2286 817 nere
2312 762 2565 833 parabat;
2596 771 2655 818 ut
2681 763 2768 833 qui
2803 779 2909 818 non
2934 762 3147 817 fuerant
3168 769 3421 818 auctores
3470 760 3769 818 seditionis

2156 864 2593 910 reservarentur.
2626 854 2731 910 Sed
2761 856 3118 925 plurimorum
3146 853 3397 921 consilio,
3431 854 3526 925 qui
3554 864 3769 909 tantam

2157 963 2445 1018 superesse
2473 948 2871 1004 multitudinem
2894 990 2909 1013 ,
2939 964 3060 1019 qum
3095 956 3278 1018 posset
3309 958 3331 985 ο
3358 946 3597 1002 recidiva
3625 962 3771 1015 pra:-

2159 1043 2229 1098 lia
2256 1042 2584 1099 resuscitaro
2609 1085 2625 1108 ,
2660 1044 2775 1113 paci
2805 1042 3087 1097 adversam
3106 1082 3120 1106 ,
3145 1051 3200 1097 et
3234 1040 3480 1097 inutilem
3508 1040 3647 1095 locis
3671 1055 3770 1095 ar-

2160 1134 2501 1190 bitrarentur
2522 1136 2540 1207 (
2561 1136 2649 1191 ubi
2665 1136 2808 1191 enim
2833 1136 3237 1201 consisterent,
3260 1134 3430 1204 patria
3461 1133 3489 1170 ά
3510 1134 3772 1190 excussi?

2160 1228 2356 1298 quibus
2385 1242 2445 1282 se
2475 1227 2750 1283 alimoniis
2777 1235 3171 1294 sustentarent,
3203 1234 3459 1282 exsortes
3474 1224 3727 1281 omnium
3749 1265 3767 1290 ,

2161 1320 2264 1375 nisi
2299 1332 2454 1390 rapto
2475 1320 2801 1390 viverent?)
2848 1319 3173 1376 sententiam
3226 1317 3413 1379 ﬂexit.
3458 1327 3515 1374 et
3544 1327 3769 1388 sperata

2163 1417 2318 1470 venia
2368 1413 2560 1469 mortis
2617 1414 2872 1485 prmcepit
2908 1454 2921 1477 ,
2971 1420 3029 1468 ut
3057 1413 3452 1483 egrederentur
3487 1427 3553 1467 ea
3610 1420 3770 1482 porta

2162 1521 2285 1577 quas
2321 1513 2468 1561 esset
2494 1520 2525 1560 e
2561 1506 2782 1575 regione
2822 1504 3131 1561 Tiberiadis
3154 1540 3170 1569 ,
3211 1512 3376 1574 atque
3403 1503 3472 1557 ad
3515 1518 3638 1558 eam
3674 1519 3775 1557 ur-

2165 1599 2288 1654 bem
2318 1596 2731 1653 contenderent.
2762 1596 2947 1654 Facile
2990 1596 3377 1660 crediderunt,
3410 1594 3559 1666 quod
3600 1609 3777 1665 exop-

2166 1691 2376 1748 tabant.
2399 1688 2699 1762 Cmperunt
2719 1690 2902 1761 egredi
2928 1732 2943 1755 .
2971 1690 3068 1745 sed
3106 1698 3491 1760 praeoccupato
3522 1688 3717 1743 itinere
3749 1730 3768 1754 ,

452 1780 716 1849 pinquare
756 1795 865 1834 non
927 1779 1203 1835 audebant
1240 1778 1446 1846 Judaei;
1495 1794 1596 1836 nec
1650 1782 1871 1851 impune
1909 1780 2054 1850 quis-
2086 1786 2136 1848 B
2160 1783 2520 1839 commcantia
2558 1782 2873 1839 Judaeorum
2906 1782 3087 1838 omnia
3124 1784 3370 1838 clausere
3415 1782 3658 1852 agmina,
3688 1791 3781 1834 at-

458 1887 621 1943 quam
652 1870 853 1941 scapha
884 1871 1106 1941 propius
1156 1880 1467 1927 accesserat
1500 1912 1515 1938 ,
1562 1887 1686 1927 cum
1713 1872 1781 1928 de
1811 1872 2059 1942 proximo

452 1961 615 2019 facile
668 1962 755 2018 vel
815 1963 1046 2018 telorum
1101 1963 1357 2035 ﬁgeretur
1407 1963 1607 2020 ictibus
1640 2005 1657 2033 ,
1706 1965 1791 2021 vel
1846 1966 2061 2022 ratibus

450 2054 882 2124 demergeretur.
944 2054 1010 2109 Et
1067 2055 1113 2108 si
1163 2056 1284 2124 quis
1335 2066 1561 2111 enatare
1625 2056 1710 2111 vel
1776 2069 2061 2126 emergere

455 2147 807 2213 tentavisset,
850 2146 1065 2217 sagitta:
1108 2146 1291 2217 jaculo
1323 2148 1563 2203 insertus
1607 2148 1970 2203 miserabilem
2006 2149 2060 2204 in

455 2237 709 2295 ﬂuctibus
740 2238 905 2293 vitam
925 2239 1251 2308 deponebat.
1283 2238 1393 2294 Nec
1436 2239 1640 2295 diutius
1680 2241 1937 2296 resistere
1968 2258 2061 2309 po-

458 2341 699 2398 tuerunt,
723 2346 846 2387 cum
879 2331 1098 2386 diverso
1135 2346 1339 2402 genere
1392 2333 1788 2388 minuerentur.
1820 2331 2062 2401 Namque

458 2428 717 2499 paulatim
751 2428 1209 2484 concurrentibus
1252 2427 1497 2499 plurimis
1519 2430 1748 2497 ratibus,
1782 2429 1849 2485 ad
1880 2429 2063 2484 littora

463 2519 731 2591 cogebant
761 2519 990 2574 Romani
1026 2521 1322 2575 maximum
1365 2537 1651 2577 numerum
1699 2522 2057 2594 navigiorum.

459 2617 546 2675 llli
578 2631 709 2671 vero
735 2621 997 2673 coarctati
1027 2626 1120 2671 aut
1147 2617 1200 2671 in
1230 2625 1428 2674 terram
1458 2626 1484 2653 ⁸
1513 2618 1851 2686 resiliebant,
1883 2618 2064 2689 ibique

462 2730 493 2770 a
520 2714 781 2771 Romanis
826 2714 1295 2771 interﬁciebantur
1321 2755 1335 2781 ,
1370 2723 1462 2769 aut
1508 2713 1857 2770 caedebantur
1904 2713 2063 2769 abiis

468 2811 561 2878 qui
590 2809 658 2865 de
684 2809 891 2864 ratibus
918 2810 1200 2878 urgebant,
1228 2819 1321 2864 aut
1346 2823 1615 2865 concursu
1658 2811 1854 2865 ratium
1883 2818 2065 2880 prote-

463 2905 758 2968 rebantur,
787 2911 882 2956 aut
910 2902 1013 2973 ipsi
1053 2918 1113 2958 se
1136 2903 1188 2958 in
1218 2902 1396 2958 lacum
1447 2903 1775 2973 dejiciebant
1803 2946 1819 2972 ,
1852 2919 1974 2960 cum
2008 2905 2060 2960 in

459 2998 693 3068 scaphas
746 3012 938 3053 eorum
1004 2997 1175 3053 bustis
1228 2997 1481 3052 insiliret.
1545 2998 1813 3053 Cerneres
1865 3000 2064 3054 mixtas

460 3092 725 3163 sanguine
764 3106 972 3163 aquas,
1015 3091 1233 3162 plenum
1270 3090 1628 3146 cadaveribus
1680 3090 1876 3147 lacum.
1917 3092 2060 3148 Nulli

2161 1890 2266 1941 que
2288 1876 2340 1929 itt
2374 1875 2524 1929 urbis
2574 1873 2807 1928 stadium
2865 1872 3237 1929 introduxere.
3270 1871 3559 1942 Ingressus
3588 1872 3774 1942 itaque

2164 1966 2532 2036 Vespasianus
2560 2007 2576 2031 ,
2609 1974 2848 2036 spectata
2894 1972 3056 2020 mtate
3104 1965 3188 2020 vel
3224 1963 3423 2018 rubore
3474 1964 3719 2017 omnium
3751 2005 3767 2029 ,

2161 2073 2298 2129 quos
2329 2058 2432 2113 sibi
2468 2058 2633 2113 statui
2683 2067 3043 2127 praeceperat,
3076 2057 3241 2127 elegit
3266 2071 3363 2111 sex
3394 2054 3566 2109 millia
3612 2054 3769 2125 juve-

2163 2169 2292 2208 num
2337 2152 2660 2208 validiorum
2693 2192 2707 2215 ,
2737 2165 2875 2222 quos
2898 2149 3100 2207 Neroni
3156 2150 3209 2204 in
3242 2148 3484 2205 lstlnnon
3536 2148 3770 2215 direxit,

2163 2262 2325 2304 senes
2354 2256 2534 2302 autem
2563 2255 2618 2301 et
2650 2245 2914 2301 invalidos
2937 2245 3085 2300 mille
3101 2243 3371 2299 ducentos
3393 2242 3556 2312 jussit
3584 2241 3771 2296 necari

2165 2339 2501 2409 reliquorum
2535 2339 2753 2410 triginta
2779 2338 2945 2393 millia
2969 2377 2985 2404 ,
3021 2336 3449 2407 quadringentos
3493 2333 3770 2403 vendidit;

2166 2432 2453 2489 universos
2512 2440 2694 2487 autem
2760 2431 3088 2502 quicumque
3149 2429 3218 2484 de
3293 2426 3543 2498 partibus
3617 2426 3773 2497 regni

2166 2525 2421 2597 Agrippae
2453 2524 2656 2595 reperti
2694 2524 2959 2594 sunt,regi
3000 2522 3261 2590 donavit,
3292 2535 3430 2591 quos
3468 2534 3628 2591 atque
3673 2534 3769 2574 rex

2167 2630 2397 2692 accepto
2440 2621 2646 2691 pretio,
2698 2621 2751 2676 in
2820 2617 3104 2674 servitutis
3156 2615 3418 2685 obsequia
3443 2612 3768 2670 transmisit.

2167 2717 2442 2773 Praeterea
2498 2716 2728 2786 populus
2782 2714 2924 2770 alius
2970 2710 3375 2768 'I‘racbouitidis
3426 2708 3667 2781 regionis
3716 2717 3776 2765 et

2166 2806 2803 2878 Gaulanitidis,Joppetti
2856 2816 2911 2862 et
2961 2805 3235 2863 Gadaritte
3265 2845 3280 2871 ,
3317 2813 3591 2874 tamquam
3641 2800 3774 2857 belli

2165 2908 2500 2961 excitatores
2522 2912 2579 2959 et
2609 2902 3018 2973 perturbatores
3062 2898 3374 2955 concordiae
3398 2939 3413 2962 ,
3452 2897 3774 2952 deserentes

2168 3000 2410 3071 propria.
2441 2999 2783 3053 incursantes
2814 2996 2990 3051 aliena
3028 3037 3045 3060 ,
3092 2995 3184 3066 qui
3232 2991 3463 3063 sumptis
3483 2989 3656 3046 armis
3678 3004 3776 3060 pa-

2164 3108 2283 3151 cem
2306 3094 2626 3160 violassent,
2659 3092 2838 3162 justas
2859 3099 2914 3147 et
2937 3088 3149 3146 debitas
3178 3097 3276 3158 pro
3304 3084 3636 3157 ﬂagitiorum
3659 3097 3776 3137 me-

466 3187 609 3242 enitn
666 3186 991 3257 parcebatur
1019 3226 1034 3250 ,
1108 3186 1438 3256 quicumque
1492 3192 1828 3240 occurrerat.
1877 3184 2068 3244 Gravis
2094 3182 2140 3245 C
2175 3192 2292 3247 ritis
2324 3205 2510 3260 ptenas
2534 3188 2758 3245 dedere.

534 3306 561 3336 ι
589 3297 928 3355 Desiliebant.
968 3298 1138 3354 Bann.

533 3367 560 3407 ιι
595 3369 895 3439 Quingenti,
923 3370 1142 3438 Joseplt.
1174 3369 1267 3424 lib.
1298 3383 1360 3425 ut
1383 3408 1398 3431 .
1429 3382 1548 3439 cup.
1579 3367 1669 3424 l9.
1696 3370 1972 3427 Gasaann.

535 3450 558 3478 ⁸
602 3438 815 3496 Videsis
851 3442 917 3496 ad
978 3443 1120 3497 hunc
1155 3441 1330 3496 locum
1354 3481 1366 3497 .
1391 3455 1519 3497 uua:
1538 3442 1788 3497 superius
1818 3451 2047 3497 annota-

650 3451 815 3496 tdeSIs
851 3451 917 3496 ad
978 3451 1120 3501 hunc
1156 3451 1366 3504 locum,
1391 3455 1519 3511 quae
1538 3451 1788 3512 superius
1818 3451 2019 3498 annola

2183 3302 2371 3360 bamus
2395 3304 2485 3360 lib.
2522 3320 2558 3370 t,
2589 3318 2708 3373 cap.
2738 3300 2831 3356 22.
2861 3300 3133 3357 Gacuun.

2251 3373 2279 3414 ἀ
2312 3376 2563 3432 Exclusi?
2596 3377 2764 3431 Bann.

593 3590 3779 3616 HW

1617 3702 1966 3791 LIBER
2024 3704 2626 3819 QUARTUS.

1908 3856 2419 3889 φ·-

989 3949 1222 4011 CAPUT
1258 3948 1552 4008 PRIMUM.

534 4046 836 4104 Exstinetis
881 4042 1164 4100 Taricbeis
1213 4045 1447 4098 maxima
1493 4056 1561 4097 ex
1604 4051 1777 4112 parte,
1837 4041 2070 4097 Romani

464 4134 706 4196 Galilacls
755 4136 982 4193 urbibus
1010 4145 1067 4191 et
1108 4135 1307 4191 ﬁnibus
1348 4134 1717 4202 potiebantur,
1771 4134 1876 4189 nisi
1924 4132 2071 4203 quod

463 4227 827 4287 Gaulanitidis
856 4227 1097 4297 regionis
1118 4226 1247 4282 urbs
1273 4225 1501 4282 Gamala
1523 4227 1860 4281 contumacis
1887 4226 2070 4297 populi

466 4320 648 4376 alebat
673 4321 921 4391 spiritus,
956 4318 1091 4374 locis
1119 4319 1248 4373 nixa
1289 4316 1664 4390 asperioribus
1693 4332 1707 4369 :
1742 4332 1975 4388 namque
2009 4322 2072 4372 ea

466 4414 523 4469 in
556 4422 740 4468 monte
770 4421 852 4467 est
874 4413 1000 4477 sita,
1031 4410 1221 4466 dextra
1250 4410 1499 4481 laevaque
1522 4410 1814 4482 praeruptis
1839 4409 2076 4465 circurn-

2174 3952 2290 4005 sam
2343 3949 2537 4007 urbem
2583 3950 2874 4017 arbitrere,
2925 3959 2978 4006 et
3028 3947 3265 4004 maxime
3295 3943 3783 4018 septentrionalem

2176 4044 2299 4114 ejus
2345 4056 2551 4116 partem
2603 4051 2843 4117 pendere
2890 4044 3192 4109 existimes,
3250 4041 3448 4098 reﬂexa
3509 4038 3785 4109 paulisper

2180 4138 2505 4194 meridiana.
2539 4139 2836 4195 Addiderat
2876 4152 3093 4209 quoque
3132 4134 3258 4189 huic
3299 4134 3419 4189 urbi
3451 4132 3785 4187 munitiones

2175 4229 2464 4301 Iosephus,
2493 4232 2688 4302 quibus
2725 4230 2869 4297 freti,
2898 4239 2953 4285 et
2979 4226 3304 4284 conﬂuentis
3330 4240 3397 4280 eo
3424 4221 3785 4279 multitudinis

2178 4337 2429 4389 numero,
2462 4324 2607 4395 regis
2643 4323 2896 4393 Agrippae
2927 4330 3024 4391 per
3053 4326 3262 4389 septem
3294 4330 3516 4373 menses
3542 4314 3783 4370 obsidio-

2181 4430 2303 4470 nem
2328 4416 2589 4471 luserant.
2622 4413 2756 4470 Nam
2789 4423 2844 4469 et
2874 4414 2988 4483 ipsa
3011 4419 3067 4467 et
3095 4411 3314 4466 Sutanis
3337 4406 3666 4465 etSelencia
3696 4419 3785 4461 re-

465 4506 577 4562 cisa
610 4504 857 4575 rupibus,
895 4503 963 4559 ad
1000 4517 1273 4572 summum
1305 4512 1570 4569 arctatur,
1593 4516 1623 4556 a
1651 4499 1832 4557 fronte
1861 4500 2079 4557 abscin-
2178 4508 2268 4579 gul
2301 4508 2418 4577 ejus
2469 4508 2747 4576 portiones
2787 4513 2963 4561 erant.
3015 4504 3262 4561 Seleucia
3290 4502 3443 4574 juxta
3471 4499 3784 4556 aurmuissi-

463 4596 614 4653 ditur
630 4593 900 4666 profundo
924 4594 1095 4663 biatu,
1117 4595 1171 4649 in
1195 4593 1501 4665 posteriora
1519 4594 1855 4665 aliquantum
1877 4593 2076 4650 dil‘fun—
2101 4632 2156 4693 Β
2181 4615 2327 4655 mum
2379 4598 2512 4654 illud
2559 4609 2614 4655 et
2658 4598 2877 4654 celebre
2908 4613 3002 4668 per
3032 4596 3247 4670 Syriam
3285 4596 3535 4664 Daphnes
3565 4605 3781 4657 nemus,

465 4690 633 4746 ditur.
670 4686 753 4746 Ab
794 4702 857 4745 ea
905 4705 1124 4761 quoque
1169 4698 1323 4759 parte
1371 4699 1714 4761 angustoque
1757 4688 2075 4759 difﬁcilique

465 4794 713 4848 accessu,
760 4786 818 4835 ut
863 4780 1051 4837 eandm
1101 4781 1281 4837 simile
1327 4781 1430 4837 iter
1473 4779 1707 4852 judices,
1760 4780 1827 4836 ad
1881 4781 2071 4836 urbem

470 4875 781 4931 meantibus
811 4888 827 4928 :
855 4888 886 4929 a
926 4888 1144 4931 summo
1179 4874 1384 4931 vertice
1425 4875 1626 4930 collum
1653 4873 1711 4930 in
1740 4871 2070 4931 immensum

464 4967 790 5037 extendens,
818 4976 876 5022 ut
898 4976 1081 5023 arcem
1116 4977 1387 5039 tamquam
1410 4978 1570 5039 caput
1595 4965 1875 5039 praeferat,
1907 4976 2072 5036 atque

467 5062 520 5115 in
553 5062 839 5117 sublimem
868 5061 1044 5131 erigat
1070 5061 1410 5117 altitudinem
1439 5078 1453 5115 :
1500 5062 1659 5117 exilis
1696 5068 1727 5115 a
1776 5058 2067 5133 principio,

466 5161 525 5209 et
552 5160 824 5224 tamquam
863 5156 1080 5209 sinuato
1117 5153 1334 5209 clivosis
1363 5154 1697 5209 anfractibus
1737 5155 1877 5220 solo,
1910 5165 2072 5227 atque

466 5231 525 5300 in
557 5246 884 5316 profundum
921 5245 1174 5301 demerso
1202 5264 1215 5299 :
1247 5245 1377 5303 dein
1423 5245 1578 5316 quasi
1609 5254 1850 5302 motttem
1880 5260 2070 5316 quem-

460 5341 585 5396 dam
642 5342 880 5396 cervicis
931 5340 1113 5396 medio
1167 5339 1470 5406 attollens;
1546 5346 1745 5394 czetera
1795 5348 2069 5410 praerupta

464 5438 628 5501 atque
652 5429 826 5485 invia.
862 5428 1017 5486 Unde
1044 5428 1292 5501 plerique
1316 5440 1347 5486 a
1391 5429 1765 5499 superioribus
1791 5426 2071 5485 Gamalam

466 5524 758 5576 vocitatam
806 5527 1030 5591 putant,
1081 5519 1226 5590 quod
1274 5518 1508 5576 formam
1557 5520 1748 5576 cameli
1781 5521 2069 5591 praeferat,

467 5613 563 5669 sed
603 5622 864 5679 corrupto
893 5613 1192 5667 incolarum
1221 5622 1320 5668 usu
1351 5611 1593 5669 Gamalre
1618 5620 1816 5668 nomen
1838 5613 1956 5669 urbi
1990 5613 2076 5669 in-

2181 4692 2474 4764 cyparissis
2497 4692 2785 4748 arboribus
2813 4692 3102 4758 intextum,
3133 4696 3350 4745 scatens
3371 4687 3634 4752 fontibus,
3667 4684 3784 4757 qui-

2181 4784 2283 4839 bus
2325 4783 2727 4853 pra-termeanti
2766 4782 2939 4837 ﬂuvio
2966 4781 3072 4837 loci
3102 4795 3260 4851 quem
3294 4778 3560 4834 minorem
3593 4775 3786 4833 Iorda-

2182 4890 2304 4930 nem
2331 4883 2550 4941 vocant,
2579 4876 2905 4930 nutrimenta
2929 4873 3175 4945 quaedam
3205 4868 3393 4928 lacteis
3417 4869 3678 4926 uberibus
3705 4868 3785 4923 in-

2180 4966 2382 5021 fundit.
2411 4966 2479 5022 Et
2508 4974 2687 5021 tamen
2710 4967 2924 5031 civitas,
2957 4974 3012 5021 et
3037 4965 3256 5021 Sotanis
3283 4960 3555 5035 superior,
3584 4960 3783 5018 Gaulaa

2179 5059 2367 5116 nitidis
2395 5063 2573 5131 portio
2596 5060 2823 5116 inferior
2843 5060 3110 5116 Gatnalis.
3156 5057 3312 5115 Unde
3353 5069 3408 5113 et
3437 5056 3633 5112 studiis
3658 5056 3782 5111 dis-

2178 5150 2497 5211 sonantibus
2526 5154 2632 5209 illa:
2654 5155 2972 5210 societatetn
3004 5152 3303 5208 Romanam
3331 5150 3632 5221 elegerant.
3656 5149 3781 5207 Ha-c

2177 5248 2479 5304 rebellabat
2525 5248 2664 5304 adeo
2696 5246 3072 5318 pertinaciter,
3127 5255 3181 5301 ut
3230 5260 3353 5300 cum
3405 5260 3500 5300 rex
3559 5245 3781 5314 propior

2175 5338 2347 5394 muris
2385 5353 2482 5394 eos
2524 5337 2726 5409 alloqui
2757 5338 2939 5403 vellet,
2988 5336 3166 5391 fundze
3191 5334 3378 5405 jacqu
3418 5335 3777 5391 sauciaretur.

2176 5432 2342 5501 Cuius
2374 5430 2569 5501 injuria
2610 5429 2844 5486 Romani
2871 5428 3111 5497 accensi,
3157 5428 3535 5483 vehementius
3577 5428 3780 5483 incum-

2175 5524 2308 5581 bere
2336 5524 2604 5579 obsidioni
2628 5532 2913 5593 eteperunt
2946 5537 2960 5579 :
2991 5520 3411 5590 conﬂictnmque
3439 5521 3779 5591 promptissis

2181 5618 2267 5673 uie
2293 5632 2323 5672 a
2369 5626 2521 5688 parte
2551 5627 2799 5686 utraque,
2829 5615 3089 5686 quoniam
3118 5629 3150 5669 a
3175 5610 3381 5669 Judaeis
3402 5620 3626 5683 qucque
3647 5652 3664 5678 ,
3692 5609 3778 5683 qui

478 5702 724 5759 haesisse.
754 5702 873 5759 Jam
927 5705 972 5756 si
1005 5710 1274 5762 contexta
1320 5702 1563 5759 aedificia
1614 5712 1854 5778 spectes,
1884 5719 2085 5778 smpen
2185 5723 2369 5783 regem
2405 5709 2686 5781 preprium
2720 5709 3071 5766 violavissent
3107 5707 3260 5769 utilia
3287 5707 3636 5780 madentem,
3666 5708 3780 5768 sine
