3964 6312
96 293 275 349 2101

1018 301 1284 360 HISTOR.
1327 304 1417 359 DE
1471 303 1750 363 EXCIDIO
1788 305 2059 368 HIBROS.
2102 311 2306 369 URBlS
2342 313 2473 370 LIB.
2515 314 2604 372 IV.

3310 292 3454 382 nos

101 409 245 510 ulla
285 408 449 510 venia
478 422 539 465 se
564 409 817 510 futuros,
849 415 1319 510 existimantibus,
1370 417 1746 486 sivincerent,
1776 425 1829 486 Α
1858 424 2041 494 prasiia
2093 440 2223 481 suos
2267 437 2515 484 eventus.
2561 426 2679 486 Etsi
2707 442 2951 503 spectata
2983 435 3160 494 virtus
3206 443 3460 510 praemi-

106 500 270 555 totis
303 500 516 556 viribus
546 502 966 562 decernebatur.
989 508 1223 578 Agrippa
1253 509 1437 580 itaque
1466 527 1598 566 saxo
1624 512 1759 568 dex-

111 603 287 649 trum
326 610 615 663 percussus
645 598 905 662 cubitum,
942 598 1083 654 bello
1113 600 1370 667 excessit,
1405 602 1633 657 Ronnani
1664 619 1760 658 ur-

110 687 265 743 bem
307 689 578 757 irrupere.
612 689 790 745 Cessit
817 692 962 745 enim
990 692 1162 747 hostis
1208 694 1525 758 missilibus.
1570 710 1759 750 murus

111 781 436 836 arietibus.
471 780 603 835 Nam
625 792 680 837 et
703 783 777 837 illi
804 785 893 853 qui
933 784 1212 841 machinas
1244 787 1635 856 impediebant,
1663 802 1760 842 ne-

112 888 423 943 quaquam
445 874 644 929 diutius
668 877 921 930 resistere
948 884 1242 946 potuerunt
1268 896 1281 932 :
1308 891 1363 934 et
1392 895 1579 934 murus
1611 880 1758 935 trino

112 965 321 1021 ariete
351 966 668 1033 convulsus,
714 969 956 1037 pervium
998 969 1376 1027 obsidentibus
1417 973 1470 1026 in
1503 971 1759 1028 obsessos

118 1058 246 1114 iter
272 1059 525 1126 praebuit.
558 1058 663 1116 Sed
694 1075 755 1115 ea
788 1077 874 1117 res
898 1062 1256 1118 festinationis
1282 1066 1616 1134 impatientia
1647 1081 1757 1122 non

117 1151 481 1206 mediocrem
513 1152 808 1208 victoribus
847 1154 1055 1211 cladem
1102 1155 1328 1212 invexit.
1376 1156 1623 1227 Namque
1661 1158 1751 1212 ubi

117 1259 267 1301 Sese
316 1243 568 1300 infudere
622 1245 917 1302 domiciliis
964 1248 1091 1301 dum
1144 1256 1560 1319 perscrutantur
1613 1250 1697 1305 vel
1730 1258 1756 1287 ι

120 1348 484 1411 praeceptum
508 1341 585 1394 ire
608 1341 777 1409 spolia
802 1342 1162 1407 contendunt,
1190 1342 1436 1399 cedentia
1465 1344 1756 1400 domorum

118 1445 376 1502 angusta
434 1433 683 1500 ponderi,
744 1434 1061 1489 nutantibus
1121 1433 1494 1491 fundamentis
1540 1436 1756 1492 ruinam

120 1534 400 1581 traxere:
431 1536 481 1581 et
512 1525 757 1594 proxima
804 1541 1030 1597 quaeque
1063 1527 1322 1595 proximis
1364 1527 1509 1582 illisa
1537 1526 1757 1583 excidio

116 1618 480 1673 erantdiulti
501 1616 872 1673 Romanorum
902 1618 1013 1674 illis
1035 1620 1262 1674 involuti
1290 1620 1535 1686 casibus,
1563 1621 1618 1676 in
1646 1622 1757 1675 vic-

120 1711 281 1767 toria
316 1719 524 1781 pestem
573 1710 837 1766 incidere.
872 1710 1130 1781 Plerique
1168 1713 1526 1782 prtejacentes
1551 1729 1611 1767 se
1643 1713 1755 1783 lap-

1861 531 1994 572 nere
2024 518 2198 572 soleat
2229 520 2282 573 in
2312 519 2474 588 bello,
2507 524 2648 579 solet
2688 532 2866 581 tamen
2895 528 3097 599 allquid
3127 533 3292 588 licere
3320 534 3461 590 casi-

1860 610 1982 665 bus.
2018 612 2122 669 Sed
2155 615 2436 682 prudentis
2463 617 2621 673 estin
2656 621 2901 676 adversis
2924 625 3132 693 lapsum
3163 628 3460 699 corrigere,

1862 702 1914 757 in
1948 706 2229 775 prosperis
2271 708 2701 766 moderationem
2757 721 2961 770 tenere.
3018 715 3221 774 Contra
3278 730 3458 777 autent

1862 796 2011 850 rudis
2063 799 2343 867 cujusdam
2392 814 2554 872 atque
2604 806 2860 861 inerttditi
2907 809 3131 879 ingenii,
3189 814 3464 869 secundos

1862 903 2080 959 semper
2109 906 2395 948 successus
2426 910 2775 965 praemonere,
2810 902 2965 969 quasi
3014 918 3121 957 non
3167 905 3458 962 adversum

1862 971 2006 1035 viros
2030 995 2303 1039 certamen
2333 987 2399 1040 sit
2428 1004 2441 1041 :
2470 987 2666 1043 infirmi
2690 1002 2894 1059 autem,
2928 993 3079 1063 lapsu
3101 997 3286 1066 aliquo
3311 1014 3463 1054 sum-

1862 1090 1965 1130 mae
1988 1075 2069 1131 rei
2094 1077 2365 1146 diffidere,
2395 1095 2516 1136 cum
2540 1083 2749 1153 exiguis
2776 1089 3068 1142 momentis
3092 1089 3271 1144 subito
3303 1090 3461 1148 incil-

1862 1181 2064 1225 nentur
2108 1174 2287 1226 omnia
2339 1189 2459 1244 qua:
2515 1177 2568 1231 in
2617 1178 2760 1232 bello
2804 1194 3087 1250 geruntur.
3147 1184 3332 1255 itaque
3371 1186 3461 1241 ille

1865 1266 2367 1334 praestantissimus,
2397 1269 2486 1337 qui
2533 1271 2676 1325 inter
2702 1272 2931 1328 adversa
2960 1276 3159 1331 sobriis
3196 1279 3459 1335 collucta-

1863 1365 1952 1411 tur
1979 1359 2215 1424 casibus,
2247 1365 2305 1414 et
2334 1359 2646 1432 supplantat
2683 1366 3042 1436 superiorem,
3083 1384 3252 1441 seque
3304 1384 3463 1442 repa-

1861 1462 2005 1514 rare,
2039 1461 2093 1503 et
2116 1465 2229 1504 cori
2245 1449 2392 1521 igere
2433 1455 2680 1525 proprias
2717 1459 2911 1526 qttzerit
2940 1463 3343 1532 prolapsiones.
3396 1468 3463 1519 At

1863 1553 1997 1593 vero
2026 1539 2355 1597 incuriOsior
2394 1546 2510 1600 suis
2553 1562 2697 1617 stepe
2751 1550 2991 1606 motibus
3035 1554 3212 1621 cadit,
3245 1567 3299 1611 et
3330 1556 3457 1611 dum

1860 1631 2021 1687 irruit
2057 1632 2331 1702 incautus,
2367 1637 2566 1708 impetu
2596 1650 2695 1695 suo
2727 1644 2876 1697 fusus
2931 1647 3255 1714 procumbit.
3303 1650 3458 1717 Quod

1861 1723 1907 1777 si
1936 1724 2039 1778 hoc
2065 1740 2210 1796 sa'pe
2240 1728 2458 1795 accidit,
2498 1730 2589 1784 ubi
2626 1733 2769 1788 nuda
2800 1733 3010 1803 virtus;
3055 1746 3260 1808 quanto
3288 1745 3460 1814 magis

116 1805 209 1858 δῖε
239 1804 460 1858 indum“
501 1804 929 1873 occupabantur.
965 1804 1085 1907 .al'i
1135 1804 1316 1860 lacero
1350 1819 1617 1907 _C°"P°"ei
1639 1807 1752 1907 ,νίκ
1785 1812 1834 1873 Β
1862 1819 1914 1873 iu
1942 1820 2105 1887 bello,
2138 1823 2227 1875 ubi
2246 1821 2445 1879 diversi
2467 1828 2686 1894 generis
2704 1839 2952 1884 conserta
2971 1804 3461 1907 decernuntagmi-

119 1897 453 1951 semineces
482 1897 864 1951 servabantur.
921 1896 1216 1967 Plerosque
1274 1896 1448 1966 pulvis
1501 1896 1750 1964 necabat,

118 1989 493 2045 cmdebantur
516 1989 784 2061 angustiis
812 1989 1031 2057 arctati,
1061 1990 1297 2059 desuper
1322 2006 1536 2060 quoque
1559 1991 1752 2045 mulie-

120 2099 226 2139 res
253 2092 314 2139 et
337 2083 557 2138 invalidi
584 2098 769 2151 senes,
795 2091 847 2138 et
868 2083 960 2153 qui
987 2082 1055 2138 de
1073 2083 1387 2151 junioribus
1416 2082 1748 2154 refugerant,

120 2194 276 2234 saxa
301 2196 357 2233 ιιι
383 2177 633 2233 subditos
657 2176 1007 2246 dejiciebant,
1039 2178 1124 2233 vel
1153 2192 1506 2249 qttzecumqne
1536 2192 1741 2247 genera

128 2271 379 2327 telorum
430 2281 806 2326 occurrerant.
850 2267 1039 2338 Caligo
1087 2269 1360 2324 infuderat
1388 2270 1596 2336 omnia,
1628 2284 1755 2339 pro-

129 2373 393 2434 spectant
434 2364 736 2432 eripuerat,
787 2370 1023 2417 mentem
1064 2361 1403 2426 confuderat,
1449 2361 1753 2432 ignorantia

132 2473 366 2529 quoque
394 2457 600 2513 exitum
635 2472 746 2511 non
796 2455 1130 2527 reperiebat.
1168 2455 1265 2509 Vix
1313 2454 1496 2524 itaque
1538 2454 1755 2509 subtra-

137 2551 345 2605 hentes
371 2563 430 2603 se
462 2548 724 2617 periculis
757 2546 906 2600 urbis
928 2560 1238 2601 excessere.
1268 2544 1640 2615 Vespasianus
1671 2544 1754 2598 itt-

140 2652 324 2705 terea,
357 2642 485 2697 dum
529 2651 679 2711 urget
716 2639 955 2705 hostem,
984 2638 1037 2693 itt
1067 2638 1323 2692 interiora
1355 2637 1503 2690 urbis
1532 2650 1757 2692 conces-

139 2744 321 2801 serat,
351 2732 671 2800 mediusque
711 2730 853 2786 inter
883 2730 1096 2800 agmina
1128 2727 1460 2783 circumfusa
1492 2727 1753 2789 hostimtt,

140 2826 354 2882 bellant
378 2825 736 2881 accendebat.
767 2823 953 2894 Neque
980 2823 1126 2879 enim
1146 2822 1288 2878 hosti
1315 2832 1462 2893 terga
1487 2822 1619 2877 dare
1640 2829 1759 2874 tan—

144 2926 266 2973 tum
312 2918 674 2973 conveniebat
726 2916 925 2980 virum,
976 2930 1152 2984 neque
1181 2921 1355 2968 totum
1406 2912 1650 2982 putabat.
1697 2910 1757 2967 in

148 3014 371 3085 Syriam
401 3012 682 3069 direxerat
708 3012 876 3067 filium
901 3027 1059 3067 suum
1081 3010 1297 3073 Titum:
1331 3008 1592 3066 excitavit
1614 3017 1758 3063 notae

147 3105 376 3160 virtutis
399 3103 785 3170 censtantiam,
813 3112 868 3160 et
893 3119 1014 3159 sese
1042 3102 1096 3157 in
1130 3117 1281 3158 arma
1312 3102 1602 3171 colligens,
1630 3114 1761 3154 con-

1860 1927 1953 1979 na,
1983 1926 2084 1967 nec
2114 1929 2281 1968 unum
2309 1916 2621 1983 consilium,
2654 1934 2752 1973 nec
2782 1935 3010 1977 eonsors
3036 1926 3304 1981 sententia
3329 1928 3460 1983 est?

1857 2004 2038 2060 Locus
2067 2008 2349 2072 adversus,
2398 2008 2647 2065 difficiles
2689 2014 3033 2081 asperitates,
3074 2018 3253 2087 iniqua
3281 2018 3335 2073 in
3362 2035 3461 2075 an-

1857 2106 2017 2168 gusto
2047 2099 2379 2155 deCernendi
2418 2101 2657 2156 conditio
2705 2102 2948 2174 plurimis
2993 2108 3281 2164 adu-rsum
3330 2128 3459 2182 pall-

1861 2206 1956 2246 eos
1989 2209 2001 2244 :
2030 2207 2154 2246 cunt
2186 2202 2237 2248 et
2285 2195 2402 2263 ipsa
2452 2196 2744 2251 multitudo
2772 2198 2878 2252 sibi
2911 2202 3064 2255 oneri
3096 2202 3189 2269 sit,
3215 2215 3271 2259 et
3302 2209 3458 2275 pauci

1860 2282 1913 2337 in
1950 2283 2195 2354 pluribus
2226 2289 2403 2341 minus
2430 2287 2781 2344 frttstrentur.
2818 2290 2927 2346 Sed
2970 2292 3089 2349 haec
3118 2294 3186 2350 ad
3215 2306 3461 2354 momen-

1861 2384 1973 2430 tum
2001 2392 2150 2447 saepe
2171 2378 2465 2449 obrepunt,
2488 2395 2607 2451 qua:
2637 2397 2745 2437 non
2773 2398 2842 2437 ex
2873 2385 3071 2438 virtute
3091 2388 3339 2452 veniunt,
3362 2386 3460 2443 sed

1860 2484 1988 2524 casu
2059 2472 2333 2526 accidunt.
2394 2471 2548 2529 Unde
2602 2472 2737 2529 nihil
2782 2486 2867 2530 est
2922 2490 3123 2547 angere
3176 2480 3320 2548 quod
3363 2495 3460 2534 vos

1860 2561 2093 2629 debeat,
2116 2565 2518 2620 connnilttoites
2547 2582 2562 2619 :
2588 2568 2712 2636 quia
2737 2580 2843 2622 non
2858 2584 2955 2638 per
2973 2572 3340 2626 infirmitatem
3360 2573 3462 2626 aii-

1860 2673 2022 2727 quam
2053 2674 2249 2713 ntanus
2273 2671 2489 2724 vestrm,
2513 2675 2689 2730 neque
2717 2676 2814 2731 per
2836 2661 3210 2718 fortitudinettt
3241 2664 3463 2720 Judaeu-

1860 2767 1978 2806 rttm
2003 2767 2177 2806 versa:
2206 2768 2314 2820 res,
2342 2753 2439 2808 sed
2483 2753 2775 2809 difficultas
2805 2756 3047 2811 locorutn
3075 2759 3235 2813 nobis
3257 2758 3326 2813 ad
3351 2763 3462 2815 vic-

1862 2841 2059 2896 toriam
2088 2843 2481 2912 impedimento
2508 2844 2631 2910 fuit,
2660 2843 2767 2900 illis
2788 2847 2856 2901 ad
2880 2847 3241 2904 differendum
3268 2866 3457 2906 morat.

1860 2934 2047 3005 Neque
2073 2938 2364 3007 quidquam
2393 2947 2479 2992 est
2502 2976 2517 3003 ,
2547 2940 2693 3007 quod
2721 2939 2876 3009 argui
2904 2944 3102 3010 possit,
3135 2943 3238 2996 nisi
3275 2944 3463 2999 incon-

1863 3031 2038 3083 sultus
2074 3030 2309 3098 impetus
2347 3039 2510 3099 atque
2539 3038 2562 3067 θ
2596 3032 2914 3086 ineruditus.
2960 3031 3174 3090 Etenim
3223 3037 3349 3091 dum
3395 3032 3463 3093 ad

1847 3117 2147 3191 superiora
2178 3123 2327 3177 urbis
2350 3123 2471 3177 illos
2501 3126 2673 3178 secuti
2698 3125 2896 3193 fuistis,
2932 3136 3095 3197 atque
3132 3126 3370 3185 irruistis
3407 3133 3463 3184 iu

150 3198 320 3253 sertis
348 3195 586 3269 clypeis,
620 3211 742 3252 cum
775 3196 959 3267 paucis
1001 3209 1138 3265 quos
1168 3201 1464 3264 prtcsentes
1500 3191 1757 3258 habebat,

1870 3216 2056 3271 domos
2095 3231 2307 3281 eorum,
2351 3220 2451 3288 ipsi
2480 3233 2577 3273 vos
2607 3220 2861 3288 periculis
2898 3220 3291 3290 itnpiicavistis.
3320 3224 3466 3290 Que-

152 3290 556 3359 impertcrritus
600 3291 772 3355 Stetit,
804 3288 956 3356 quasi
1004 3291 1057 3341 itt
1119 3302 1257 3357 quos
1305 3300 1427 3342 sese
1479 3294 1761 3340 excuteret

154 3380 512 3437 considerans
538 3398 551 3434 :
581 3381 734 3452 cujus
761 3382 1019 3450 impetum
1052 3377 1415 3434 formidantes
1441 3377 1634 3441 Judaei,
1662 3377 1763 3430 mi-

159 3491 295 3530 nore
313 3474 359 3527 vi
384 3474 637 3529 insistere
658 3482 961 3543 coeperunt,
985 3484 1038 3527 et
1065 3479 1366 3527 metuentes
1387 3471 1485 3524 sibi
1510 3469 1760 3540 quisque,

159 3566 418 3622 laxavere
463 3566 657 3621 aciem.
702 3564 777 3620 ita
834 3564 1198 3632 VeSpasianus
1261 3563 1405 3617 hosti
1462 3562 1762 3629 adversus,

161 3661 420 3735 paulatim
448 3662 672 3732 gradum
701 3661 909 3725 retulit,
933 3658 1310 3729 proeliantibus
1338 3658 1440 3711 sibi
1473 3658 1645 3727 magis
1689 3655 1767 3711 si-

163 3754 311 3810 milis
335 3770 492 3822 quam
521 3752 867 3809 cedentibus.
905 3752 1015 3806 Illic
1040 3767 1161 3807 cum
1191 3751 1377 3805 decem
1403 3750 1593 3820 primis
1614 3750 1766 3804 exci-

167 3846 249 3901 dit
277 3843 306 3884 ι)
337 3844 573 3911 Brittius,
610 3845 794 3900 multis
825 3853 952 3899 ante
999 3844 1161 3898 bellis
1193 3842 1473 3911 probatus,
1497 3849 1553 3895 et
1578 3852 1599 3879 ε
1625 3841 1766 3911 apud

166 3942 383 3998 Iudaeos
409 3953 549 3998 notat
577 3943 660 3998 vir
698 3941 1053 4012 experientia:
1083 3947 1136 3993 et
1180 3937 1375 3992 validae
1417 3934 1764 3990 fortitudinis.

170 4035 424 4090 Centurio
450 4050 665 4106 quoque
682 4050 805 4089 cum
832 4033 1020 4088 decem
1041 4032 1162 4085 aliis
1181 4030 1333 4101 Syris
1362 4043 1473 4084 rem
1496 4027 1767 4098 egregiam

173 4130 301 4186 fecit
328 4144 390 4185 ac
420 4130 853 4186 memorabilem.
887 4126 1021 4184 Nam
1078 4128 1130 4181 iu
1183 4128 1303 4195 ipso
1353 4125 1589 4181 tumultu
1643 4139 1768 4178 cum

172 4223 445 4280 Romanos
473 4224 654 4293 urgeri
677 4232 951 4289 cerneret,
976 4224 1028 4276 in
1052 4219 1235 4276 abdita
1260 4218 1539 4290 cujusdam
1570 4218 1771 4273 donius

177 4332 295 4374 sese
322 4317 571 4386 contulit,
602 4327 765 4387 atque
795 4315 868 4371 ibi
899 4315 1044 4370 inter
1063 4313 1412 4380 cantandum,
1444 4327 1565 4366 cum
1601 4309 1776 4367 Judaei

178 4413 613 4483 colloquerentur
635 4428 756 4482 qua!
784 4410 1046 4466 Romanis
1069 4410 1361 4465 machinati
1388 4409 1585 4471 forent,
1614 4415 1777 4461 nocte

181 4508 496 4575 intempesta
528 4519 721 4560 omnes
750 4519 847 4560 eos
897 4503 1193 4566 interfecit,
1230 4508 1286 4556 et
1336 4516 1459 4557 cum
1510 4498 1777 4555 militibus

1864 3326 1983 3365 rum
2007 3311 2349 3366 successistis
2379 3314 2634 3382 hospitia,
2662 3314 2977 3383 suscepistis
3000 3314 3258 3383 pericula.
3288 3315 3469 3371 'i‘ette-

1864 3414 2007 3473 batis
2060 3414 2270 3480 urbem,
2327 3416 2452 3483 quis
2500 3428 2598 3469 vos
2637 3416 2817 3485 coegit
2878 3414 3149 3469 introrsus
3198 3423 3468 3483 pergere,

1868 3517 2211 3573 Descendcre
2251 3515 2317 3572 ad
2360 3532 2456 3571 vos
2483 3517 2659 3572 hostis
2684 3518 2914 3583 debuit,
2944 3534 3050 3574 non
3080 3531 3177 3572 vos
3204 3518 3469 3587 intempe-

1867 3622 2049 3666 rantes
2078 3613 2143 3665 ad
2173 3612 2477 3678 victoriam,
2507 3613 2853 3667 immemores
2884 3612 3009 3667 vitm
3038 3626 3102 3667 ac
3123 3613 3311 3667 salutis
3337 3628 3469 3669 con-

1868 3707 2111 3763 tendere.
2147 3708 2413 3779 lieparale
2439 3723 2568 3780 ergo
2596 3710 2829 3774 animos,
2859 3709 3001 3764 etde
3029 3707 3318 3763 virtutibus
3348 3724 3471 3764 ves-

1870 3806 1968 3860 tris
2000 3824 2107 3861 non
2135 3808 2307 3862 solum
2349 3808 2415 3862 ad
2444 3809 2899 3875 cnttsoiationem,
2943 3808 3038 3863 sed
3086 3809 3272 3875 etiam,
3325 3806 3469 3876 quod

1872 3906 1956 3953 est
1978 3900 2232 3969 amplius,
2263 3901 2551 3956 vindictam
2580 3903 2889 3971 praesumite
2914 3919 2927 3955 :
2960 3918 3045 3956 me
3073 3911 3225 3955 certe
3251 3899 3473 3954 habebi-

1875 3996 1940 4049 tis
1971 3997 2226 4063 przevium
2260 4011 2469 4065 pugnae.
2522 3996 2712 4051 Estote
2767 3995 2939 4066 parati
2992 3996 3181 4063 armis,
3233 3994 3468 4049 animis:

1876 4088 2112 4159 pericula
2145 4104 2239 4142 vos
2269 4088 2526 4144 fortiores
2569 4090 2817 4154 fecerint,
2866 4106 2972 4143 non
3013 4088 3353 4143 timidiores:
3400 4087 3480 4141 fa-

1877 4180 1980 4235 cile
2009 4190 2092 4235 est
2121 4179 2371 4250 injuriam
2405 4182 2643 4249 solvere,
2697 4184 2741 4237 si
2775 4183 2945 4238 virtus
2994 4199 3054 4239 se
3094 4189 3474 4254 recognoscat.

2493 4277 2723 4333 CAPUT
2761 4277 2846 4332 ΙΙΙ.

1955 4366 2048 4422 llis
2084 4364 2245 4425 dictis
2277 4369 2529 4425 accendit
2572 4370 2805 4425 militum
2844 4368 3213 4427 fortitudinem
3238 4411 3254 4438 ,
3287 4369 3483 4442 quibus

1884 4460 2264 4530 reparantibus
2310 4458 2550 4532 vallum,
2601 4465 2841 4535 plerique
2884 4479 2980 4535 per
3027 4475 3296 4535 praerupta
3350 4462 3482 4520 sub-

1802 4577 1854 4637 D
1887 4566 2099 4611 traxere
2140 4571 2198 4610 se
2228 4555 2519 4611 obsidioni.
2572 4557 2702 4612 Nam
2745 4557 2856 4629 jam
2902 4567 2956 4611 et
2986 4556 3256 4614 alimonia:
3303 4557 3483 4627 inopia

181 4598 418 4653 Romano
447 4612 567 4653 sese
595 4597 863 4653 exercitui
890 4595 1326 4664 repraesentavit.

811 4686 1042 4743 CAPUT
1082 4686 1147 4741 ll.

259 4779 615 4852 Vespasianus
644 4789 825 4835 autem
859 4778 948 4831 tibi
977 4785 1231 4830 moestum
1264 4772 1566 4829 exercitum
1598 4770 1776 4825 anim-

186 4872 423 4938 advertit,
457 4871 818 4942 plurimorum
862 4867 1182 4932 amissione,
1223 4874 1276 4920 et
1310 4864 1545 4919 maxime
1576 4862 1778 4917 deserti

188 4966 331 5021 ducis
357 4966 588 5039 pudore,
618 4964 761 5035 quod
794 4979 919 5019 eum
946 4964 1124 5019 solum
1151 4963 1292 5015 intra
1325 4961 1513 5016 urbem
1543 4959 1779 5013 hostium

189 5058 547 5127 reliquissent,
601 5071 725 5110 cum
765 5070 973 5110 summa
1017 5068 1115 5109 eos
1145 5051 1316 5124 gratia
1369 5047 1779 5113 consolabatur,

190 5150 367 5206 dicens
403 5166 415 5200 :
449 5147 506 5204 Si
553 5148 657 5203 mei
694 5163 815 5202 sors
857 5145 1090 5217 periculi
1118 5144 1464 5198 verecundia:
1497 5141 1649 5195 vobis
1679 5149 1781 5203 est,

193 5256 288 5296 nec
314 5254 410 5310 rgo
440 5240 521 5294 sic
559 5239 624 5292 ad
658 5239 856 5294 bellum
891 5251 1291 5307 processeram,
1346 5245 1402 5288 nt
1449 5233 1783 5289 declinarem

194 5334 449 5407 pericula,
491 5332 583 5387 sed
615 5329 642 5368 ά
671 5346 988 5401 superat-em
1018 5348 1029 5383 :
1063 5329 1145 5385 sin
1179 5346 1331 5396 vero,
1360 5328 1483 5401 quia
1513 5336 1569 5382 et
1592 5327 1660 5382 de
1684 5342 1778 5383 no-

195 5429 315 5485 stris
356 5425 604 5495 plerique
668 5423 961 5489 interfecti,
1022 5437 1360 5492 nequaquam
1415 5419 1720 5475 mirandum
1770 5436 1784 5473 :

202 5521 403 5590 quando
435 5518 579 5571 enim
613 5517 835 5570 victoria
868 5515 977 5571 ulla
1007 5518 1127 5569 sine
1146 5516 1411 5586 sanguine
1440 5514 1558 5569 est?
1578 5513 1789 5568 [labent

1887 4644 2215 4717 incessebat,
2244 4660 2298 4704 et
2346 4650 2572 4704 infracta
2606 4650 2743 4705 muri
2778 4666 2998 4706 cessura
3048 4646 3312 4705 machinis
3343 4648 3488 4706 arbi-

1884 4742 2191 4797 trabantur.
2220 4740 2370 4798 Unus
2422 4743 2617 4799 deinde
2646 4744 2769 4799 i'otts
2812 4742 2953 4799 intra
3007 4744 3219 4809 urbem,
3269 4753 3325 4799 et
3375 4744 3493 4814 ipse

1887 4838 2054 4891 muris
2095 4837 2373 4907 proximus
2401 4846 2539 4905 erat;
2562 4853 2683 4908 quae
2712 4853 2799 4893 res
2840 4852 2935 4894 eos
2968 4838 3020 4892 in
3049 4852 3264 4894 summo
3294 4837 3489 4893 timore

1885 4931 2085 5003 posuit,
2121 4941 2179 4986 ut
2206 4932 2626 5003 frequentissimi
2652 4932 3040 4988 dilaberentur.
3076 4933 3176 4999 Qui
3205 4946 3334 4987 vero
3359 4946 3489 5004 per-

1887 5027 2213 5082 manendum
2248 5039 2540 5099 putarunt,
2576 5027 2923 5099 pertinaciter
2965 5026 3370 5098 prtuliabantur.
3403 5020 3491 5082 in-

1893 5132 2038 5176 terea
2066 5121 2296 5176 Romani
2322 5131 2525 5177 llil‘l‘f'm
2549 5123 2867 5177 altissimam
2897 5121 3270 5189 suti'odientes,
3300 5121 3348 5175 vi
3384 5135 3497 5178 ma-

1892 5218 2036 5272 xima
2068 5219 2415 5273 subruernnt.
2451 5218 2568 5286 Quo
2595 5234 2724 5273 casu
2745 5232 3012 5273 concussa
3040 5217 3250 5284 civitas,
3282 5204 3499 5285 pertur—

1892 5310 2002 5369 iiati
2030 5326 2220 5367 omnes
2267 5313 2429 5366 totius
2474 5314 2625 5366 urbis
2664 5323 2923 5383 parentes
2976 5313 3181 5367 ruinas.
3245 5309 3394 5367 Unde
3445 5321 3501 5367 et

1890 5407 2100 5463 Chares
2124 5420 2269 5474 a-ger
2292 5420 2546 5474 corpore,
2574 5407 2704 5458 tanti
2737 5414 2947 5460 terrore
2977 5406 3186 5460 sonitus
3221 5403 3504 5456 exanima-

1893 5513 1995 5566 tus,
2016 5511 2243 5556 mortem
2275 5499 2538 5569 implevit.
2570 5496 2801 5552 Romani
2828 5506 3035 5563 tamen,
3060 5494 3322 5568 patefacta
3346 5494 3507 5565 urbe,

1991 5635 2011 5663 ε
2054 5619 2188 5677 Cod.
2223 5624 2329 5675 vet.
2352 5659 2366 5681 ,
2399 5619 2647 5673 adversus
2674 5615 2905 5673 Iudicas.
2940 5617 3014 5674 In.

1992 5691 2019 5732 ά
2071 5691 2408 5759 Usnrparem.
2454 5691 2526 5744 In.

2002 5775 2024 5803 θ
2097 5761 2430 5820 locem/itus.
2470 5762 2545 5821 in.

283 5649 306 5677 ἰ
353 5638 444 5695 Sic
496 5638 647 5692 editi.
704 5636 811 5694 Sed
858 5635 998 5692 forte
1031 5644 1344 5706 prtercpmm
1390 5633 1466 5687 ire
1496 5631 1807 5703 legendum.

229 5711 497 5770 GALLAND.
630 5760 633 5765 .

301 5782 326 5827 ι’
366 5776 596 5840 Εὺιισὶιιι
616 5777 852 5856 Josepbo
882 5776 1079 5845 dictus,
1106 5774 1201 5831 lib.
1234 5791 1313 5845 tv,
1344 5790 1463 5849 cap.
1498 5776 1552 5833 i.
1576 5773 1745 5831 Bson.
