3964 6308
471 286 616 341 2103

1804 276 2055 337 SANCTI
2090 275 2417 334 AMBROSII

3644 278 3793 334 2108

470 405 720 474 ingressu
762 401 1093 459 abstinuere.
1124 397 1300 452 donec
1344 396 1500 452 Titus
1531 399 1806 468 ingressus
1847 405 1953 463 est,
1983 393 2079 466 qui
2105 393 2160 454 A
2185 393 2291 448 nisi
2336 393 2481 465 quod
2524 394 2579 449 in
2621 394 2935 465 captivitate
2965 393 3201 450 audaces
3231 394 3384 449 sint?
3426 391 3648 449 Nemini
3680 402 3799 447 erat

471 496 663 552 dolore
686 493 890 563 paterni
925 489 1148 561 periculi
1174 489 1407 554 excitus,
1436 505 1558 543 cum
1590 490 1776 560 paucis
1803 490 1854 544 in
1882 488 2072 544 urbem

472 587 651 652 irruit,
685 594 741 639 et
770 584 1054 638 maximam
1101 580 1304 636 Juda'is
1332 579 1540 635 cladem
1588 580 1810 637 invexit.
1841 581 2073 636 Tantum

472 682 561 747 qui
594 682 644 732 in
694 676 1065 746 superioribus
1109 684 1283 738 erant,
1328 689 1456 728 saxa
1511 674 1795 730 volventes
1850 688 2076 729 accessu

475 770 833 842 prohibebant
862 767 1135 821 Romanos
1170 784 1184 819 :
1226 766 1434 836 spicula
1468 766 1815 834 torquebant,
1848 767 2075 835 sagittas

466 862 869 933 iaculabantur.
913 860 959 914 A
1010 856 1213 913 JlldtniS
1262 857 1493 926 impulsa
1547 856 1705 912 facile
1752 859 1801 912 in
1846 873 2074 927 pronum

472 972 599 1011 saxa
633 953 1081 1016 devolvebantur,
1132 950 1354 1004 missilia
1396 950 1823 1020 perveniebant,
1852 950 2078 1005 descen—

473 1050 676 1106 debant
707 1046 918 1116 sagitta:
961 1060 1069 1099 non
1102 1045 1220 1099 sine
1244 1058 1433 1098 eorum
1466 1042 1707 1111 periculo
1734 1058 1871 1113 quos
1900 1042 2075 1098 offen-

472 1144 683 1199 derant.
728 1138 987 1194 Romanis
1038 1137 1326 1192 adversum
1375 1135 1606 1190 editiora
1646 1122 1860 1190 montis
1899 1136 2077 1205 jactus

474 1234 749 1298 ineflicax,
796 1240 1025 1288 conatus
1071 1231 1279 1295 irritus,
1330 1238 1493 1299 atque
1543 1228 1675 1298 ipsis
1706 1230 2075 1299 periculosus;

474 1344 596 1384 cum
620 1326 798 1381 subito
828 1333 948 1380 orta
973 1323 1115 1378 venti
1152 1321 1413 1392 procella,
1445 1320 1761 1376 Judaeorum
1799 1332 2079 1391 retorque-

473 1420 566 1474 bat
591 1419 835 1487 sagittas,
870 1414 1167 1485 repellebat
1194 1414 1421 1484 spicula.
1469 1413 1602 1481 Quae
1635 1427 1765 1469 vero
1805 1413 2079 1469 Romanus

474 1512 746 1569 exercitus
770 1510 1134 1581 jaeulabatur,
1189 1508 1243 1562 in
1292 1507 1503 1562 hostem
1560 1516 1585 1543 δ
1633 1505 1952 1561 referebat:
2010 1507 2078 1562 ita

474 1605 867 1661 elementorum
914 1602 1157 1671 ipsorum
1205 1600 1476 1669 repagulis
1518 1609 1573 1654 et
1596 1610 1883 1655 ventorum
1914 1600 2080 1655 turbi-

478 1697 634 1752 nibus
664 1694 936 1767 oppressi,
982 1707 1237 1763 supremo
1277 1692 1488 1749 excidio
1537 1702 1708 1763 capta:
1759 1693 1909 1748 urbis
1957 1693 2081 1748 uni-

2178 485 2432 557 loquendi
2465 495 2707 558 potestas
2738 494 3141 557 :occupaverat
3180 487 3325 542 enim
3353 501 3575 543 omnem
3608 501 3798 541 muro-

2178 595 2297 634 rum
2328 581 2588 636 ambitum
2633 580 2958 651 praedatoria
2991 595 3183 635 manus
3213 598 3226 634 :
3258 579 3486 636 cavebat
3513 579 3793 647 Joannes,

2179 687 2248 729 ne
2277 673 2397 743 quis
2422 674 2694 745 colloquio
2720 672 2976 728 familiari
3003 673 3276 728 Romanos
3298 672 3575 729 invitaret.
3602 672 3798 743 Itaque

2180 765 2297 835 ipse
2322 766 2602 836 praeripuit
2632 765 2905 821 sermonis
2926 764 3270 833 relationem,
3300 764 3491 820 dicens
3516 782 3530 818 :
3555 764 3799 820 libenter

2180 872 2241 914 se
2280 867 2570 913 tractatum
2617 859 2895 928 suscipere
2931 858 2999 915 de
3048 858 3209 914 rebus
3254 858 3656 925 communibus,
3695 874 3800 915 nec

2179 952 2493 1023 experiendi
2522 967 2676 1007 usum
2729 950 3022 1019 declinare,
3051 951 3094 1006 si
3127 950 3265 1006 forte
3307 951 3406 1021 ipsi
3458 950 3611 1006 utilia
3668 965 3803 1007 sua-

2180 1044 2334 1111 deat,
2368 1055 2463 1099 aut
2494 1043 2583 1100 his
2632 1059 2753 1115 qua:
2807 1042 3117 1099 referuntur
3172 1042 3628 1114 acquiescendum
3680 1044 3799 1099 sit:

2181 1137 2277 1194 sed
2310 1136 2587 1207 prohiberi
2611 1152 2671 1193 se
2706 1136 2824 1208 lege
2852 1137 3045 1208 patria,
3074 1151 3198 1191 eum
3228 1137 3467 1207 supersit
3491 1136 3803 1193 hebdoma-

2182 1230 2265 1284 d:e
2296 1242 2467 1284 sacra:
2495 1228 2633 1295 dies,
2665 1237 2900 1283 tractare
2937 1226 3006 1283 de
3050 1228 3198 1299 pacis
3242 1228 3671 1284 conditionibus.
3705 1229 3801 1285 Si-

2181 1321 2404 1394 quidem
2444 1331 2503 1376 nt
2533 1336 2756 1377 movere
2786 1336 2937 1377 arma
2980 1322 3355 1389 interdictum,
3390 1322 3464 1377 ita
3491 1323 3658 1379 etiam
3688 1324 3801 1379 illi-

2183 1416 2350 1471 citum
2397 1415 2686 1472 consulere
2708 1414 2777 1471 de
2808 1430 2941 1486 pace
2971 1414 3180 1471 feriatis
3207 1416 3421 1472 diebus.
3456 1416 3673 1473 Etenim
3719 1418 3795 1474 de

2184 1509 2402 1580 negotio
2433 1509 2611 1565 verbis
2639 1509 2832 1565 saltem
2865 1508 3185 1576 decernere,
3223 1519 3277 1565 et
3311 1509 3420 1564 illis
3447 1510 3796 1581 sacrilegium

2184 1604 2276 1673 qui
2307 1612 2653 1675 cogerentur,
2703 1618 2804 1659 nec
2835 1603 2942 1659 illis
2976 1604 3202 1659 inultum
3250 1606 3341 1675 qui
3369 1613 3649 1676 cogerent.
3683 1604 3798 1662 Ve-

2187 1698 2328 1751 niam
2362 1711 2421 1751 se
2453 1695 2611 1751 unius
2640 1695 2747 1751 diei
2774 1711 3020 1767 poscere,
3051 1696 3367 1754 dilationem
3406 1708 3514 1753 tam
3536 1697 3793 1769 exiguam

477 1791 973 1860 versi,quicumque
1000 1788 1108 1843 illic
1128 1786 1330 1858 reperti
1359 1796 1507 1852 sunt,
1535 1786 1810 1841 interiere.
1838 1786 2078 1853 Quatuor
2106 1791 2155 1851 B
2186 1805 2525 1862 nequaquam
2555 1790 2946 1862 impedimento
2975 1792 3229 1847 futuram.
3279 1792 3465 1863 Neque
3507 1794 3653 1848 enim
3683 1795 3797 1850 cir-

482 1894 689 1939 tantum
722 1883 892 1938 millia
921 1898 948 1935 a
977 1880 1239 1936 Romanis
1282 1880 1566 1934 interfecta
1599 1895 1612 1932 :
1641 1878 1879 1949 quinque
1910 1879 2075 1934 millia

476 1976 779 2046 przecipitio
797 1974 1025 2045 periisse
1040 1973 1350 2042 accepimus
1379 1972 1545 2027 :nulli
1574 1972 1718 2027 relati
1746 1972 1902 2027 venia
1925 1971 2074 2027 data.

1095 2064 1327 2121 CAPUT
1364 2063 1454 2119 IV.

551 2161 762 2219 Giscala
793 2158 969 2215 adhuc
996 2159 1111 2215 sola
1138 2157 1208 2213 de
1230 2158 1475 2229 partibus
1502 2156 1738 2212 Galilane
1770 2157 1825 2212 in
1865 2171 1925 2213 se
1952 2156 2081 2213 hos-

478 2268 586 2313 tem
615 2272 723 2309 nou
759 2262 1122 2317 converterat,
1146 2253 1401 2323 quoniam
1432 2252 1735 2307 incolarum
1763 2253 1882 2321 ejus
1923 2252 2078 2323 quie-

478 2351 618 2405 tiora
648 2348 884 2419 ingenia,
931 2358 985 2402 ut
1032 2358 1158 2417 pete
1205 2345 1355 2415 plebs
1385 2346 1637 2416 agrestis,
1670 2354 1924 2402 contenta
1970 2347 2082 2403 suis

478 2445 765 2508 fructibus,
794 2443 927 2497 nihil
949 2441 1072 2497 belli
1096 2439 1485 2505 conferebant;
1518 2439 1615 2496 sed
1642 2439 1930 2495 multorum
1956 2455 2084 2495 coa-

479 2538 579 2593 litu
608 2538 700 2608 qui
729 2536 1017 2594 latrocinio
1048 2537 1213 2591 vitam
1227 2543 1553 2590 exercerent
1576 2549 1755 2600 suam,
1788 2535 1951 2589 etiam
1983 2534 2085 2588 ιιιὶ-

424 2702 431 2710 ,
479 2632 680 2689 tiorum
709 2630 882 2687 studia
912 2632 1095 2702 pravis
1129 2629 1372 2685 moribus
1402 2628 1911 2699 corrumpebantur.
1954 2628 2086 2683 Erat

481 2738 745 2800 prmterea
769 2728 850 2783 vir
880 2728 1016 2783 levis
1045 2725 1285 2781 Joannes
1321 2725 1541 2781 nomine
1577 2724 1853 2795 indigena,
1903 2722 2084 2794 populi

478 2823 617 2888 lues,
644 2822 786 2878 dolis
830 2820 965 2876 nulli
1007 2830 1348 2875 versutorum
1398 2819 1691 2884 secundus,
1738 2816 2086 2889 improbitate

480 2930 663 2986 parem
691 2914 962 2980 nesciens,
1000 2914 1085 2969 cui
1133 2928 1426 2983 numquam
1466 2912 1714 2968 defuerat
1744 2910 1973 2967 nocendi
2002 2909 2062 2964 af
2068 2940 2085 2950 ο

480 3011 673 3075 fectus,
720 3008 1050 3081 aliquamdiu
1096 3019 1274 3064 tamen
1320 3008 1497 3065 fuerat
1543 3010 1720 3080 inopia
1766 3009 2087 3065 exercenda:

480 3104 779 3175 iniquitatis
828 3102 1295 3173 impedimentum.
1353 3102 1493 3170 Quid
1549 3113 1725 3157 tamen
1784 3101 2081 3169 definiam,

2183 1884 2431 1940 cumfuso
2479 1883 2658 1953 hoste,
2711 1883 2967 1955 effugium
3023 1882 3222 1940 clausis
3265 1884 3494 1940 liberum
3540 1904 3554 1940 :
3605 1884 3794 1942 offerri

2183 1977 2288 2033 sibi
2314 1978 2596 2033 arbitrium
2622 1978 2792 2049 pacis,
2826 1986 2933 2032 tam
2964 1978 3160 2047 requali
3185 1978 3408 2048 optione
3439 1977 3793 2034 formidinem

2184 2070 2429 2126 obesse:
2481 2070 2663 2141 urgeri
2707 2084 2767 2125 se
2812 2068 3031 2125 interim
3089 2085 3196 2126 non
3247 2079 3501 2141 oportere
3546 2070 3613 2126 ad
3647 2072 3797 2142 pacis

2185 2163 2455 2230 consulta,
2495 2162 2690 2233 quibus
2742 2162 2993 2234 religioni
3043 2172 3193 2220 esset
3237 2173 3429 2221 contra
3467 2166 3644 2237 legem
3694 2181 3795 2237 pa-

2187 2257 2345 2312 triam
2375 2272 2480 2311 non
2510 2256 2863 2327 prrevariCari
2890 2274 2903 2310 :
2934 2258 3230 2313 convenire
3254 2265 3434 2313 autem
3462 2266 3572 2313 tam
3597 2258 3797 2314 libera-

2186 2351 2221 2405 li
2254 2350 2402 2419 pacis
2429 2348 2719 2415 oblationi,
2764 2360 2823 2405 ut
2848 2350 2939 2421 qui
2970 2360 3169 2421 prmter
3198 2365 3352 2421 spem
3379 2361 3575 2422 sponte
3603 2351 3798 2409 offerat

2188 2460 2409 2515 pacem,
2438 2460 2509 2500 ne
2552 2446 2674 2517 quis
2731 2445 3086 2517 periclitetur,
3136 2446 3382 2500 evasuris
3432 2446 3598 2500 etiam
3649 2447 3797 2517 leges

2187 2552 2315 2594 suas
2345 2548 2612 2595 reservet.
2644 2536 2773 2594 llaec
2794 2538 2913 2594 sine
2949 2536 3076 2593 dolo
3100 2537 3253 2593 Titus
3297 2537 3526 2608 allegata
3567 2537 3798 2593 arbitra-

2191 2642 2298 2699 tus,
2328 2633 2570 2703 receptui
2602 2631 2821 2699 cecinit,
2869 2638 2926 2686 et
2952 2631 3232 2686 revocavit
3259 2645 3289 2685 a
3322 2631 3492 2687 muris
3526 2646 3665 2701 quos
3703 2645 3797 2685 se-

2187 2740 2310 2781 cum
2328 2723 2653 2781 deduxerat.
2680 2725 2753 2778 Ita
2775 2722 3019 2780 Joannes
3042 2722 3280 2794 fugiendi
3301 2722 3530 2793 adeptus
3553 2724 3794 2793 copiam,

2190 2827 2350 2875 nocte
2379 2820 2701 2889 intempesta
2746 2832 2870 2872 cum
2926 2817 3200 2887 plerisque
3243 2816 3548 2872 abscessit:
3597 2830 3797 2888 seque-

2192 2910 2388 2965 bantur
2417 2910 2579 2965 etiam
2609 2908 2865 2964 mulieres
2893 2908 3353 2979 proficiscentem.
3380 2908 3490 2965 Sed
3515 2924 3624 2979 quo
3657 2910 3800 2964 ulte-

2191 3002 2308 3058 rius
2349 3002 2844 3074 progrediebantur
2892 3001 3014 3071 viri,
3060 3016 3127 3057 eo
3170 3002 3352 3073 plures
3401 3002 3661 3059 mulieres
3713 3001 3801 3057 vel

2194 3096 2408 3166 parvuli
2457 3096 2930 3166 relinquebantur,
2980 3094 3320 3165 desert-.eque
3361 3110 3391 3150 a
3430 3094 3543 3150 Suis
3586 3102 3800 3165 speeta-

486 3197 627 3252 baud
656 3195 859 3267 liquido
883 3196 1029 3259 scio,
1066 3202 1243 3249 utrum
1292 3209 1416 3249 eum
1445 3193 1740 3265 indigentia
1775 3196 1993 3260 texerit,
2017 3209 2085 3249 an
2116 3184 2162 3247 C
2194 3191 2323 3247 bant
2354 3190 2562 3261 pavida:
2584 3189 2727 3244 viam
2782 3189 3014 3245 feminae.
3047 3188 3116 3244 Et
3144 3203 3267 3244 cum
3305 3188 3417 3258 jam
3465 3187 3615 3243 viros
3668 3203 3801 3259 pro-

482 3290 845 3358 represserit:
893 3286 1002 3343 doli
1052 3286 1301 3354 callidus,
1357 3284 1581 3341 fallendi
1625 3286 1844 3352 artifex,
1895 3286 2090 3343 doctus

481 3382 800 3449 mendaciis,
830 3382 989 3438 fidem
1019 3397 1266 3452 qurerere
1289 3391 1343 3437 et
1373 3381 1747 3437 crudelitatem
1774 3383 2091 3452 compositis

482 3476 811 3543 adsciscere,
843 3476 931 3545 qui
958 3475 1224 3530 fallaciam
1253 3479 1509 3530 virtutem
1543 3482 1756 3544 putaret
1784 3483 1840 3530 et
1867 3474 2087 3545 elegan-

486 3568 574 3623 tia:
595 3566 815 3623 duceret
835 3609 852 3632 ,
885 3577 937 3621 et
970 3566 1324 3623 charissimos
1350 3566 1779 3623 circumvenire:
1814 3577 2093 3638 promptus

481 3660 547 3714 ad
574 3658 1021 3728 conspirandnm,
1054 3657 1350 3713 vehemens
1380 3657 1444 3713 ad
1476 3657 1805 3725 audendum,
1851 3674 1979 3714 acer
2022 3661 2088 3714 ad

481 3751 850 3818 efficiendum,
884 3751 1238 3806 conturbator
1269 3752 1321 3806 in
1351 3753 1484 3815 otio,
1517 3751 1767 3807 desertor
1798 3752 1849 3806 in
1880 3753 2092 3823 pericu-

480 3847 564 3914 lo,
597 3856 847 3901 assuetus
876 3846 1197 3909 latrociniis,
1234 3845 1375 3901 bello
1404 3845 1667 3911 insolens,
1697 3847 1788 3914 qui
1820 3861 1943 3901 cum
1970 3863 2091 3917 per-

481 3939 636 4010 sequi
664 3940 935 4009 nequiret,
965 3949 1174 3994 sereret
1200 3947 1379 3993 tamen
1415 3938 1667 4008 paranda:
1698 3954 1888 3995 causas
1919 3940 2091 3995 domi-

483 4034 739 4090 nationis.
760 4032 897 4088 Huic
914 4034 1079 4103 igitur
1099 4033 1317 4088 animus
1338 4032 1627 4102 inquietus,
1651 4044 1896 4103 prompta
1915 4034 2086 4089 auda-

480 4128 588 4192 cia,
619 4142 778 4196 quam
823 4139 1113 4194 processus
1142 4125 1362 4180 alebant
1387 4139 1625 4195 opesque
1655 4126 1721 4181 ad
1761 4126 2086 4183 consocian-

481 4219 605 4274 datn
636 4216 969 4287 perditorum
1002 4232 1243 4271 manum.
1295 4216 1449 4272 Unde
1493 4234 1616 4273 cum
1646 4218 1766 4288 ejus
1811 4219 2047 4277 factione
2072 4264 2087 4288 ,

483 4316 802 4373 memoratae
833 4308 980 4362 urbis
1012 4307 1273 4378 populum
1302 4309 1524 4363 excitari
1554 4311 1621 4363 ad
1655 4309 1855 4366 bellum
1886 4311 2091 4383 Vespa-

480 4403 669 4458 sianus
697 4400 1076 4470 comperisset,
1110 4418 1175 4456 ne
1209 4412 1379 4456 totum
1404 4402 1707 4458 exercitum
1739 4402 2083 4475 defatigaret,

479 4494 648 4549 tilium
673 4493 853 4549 Titum
886 4508 1008 4548 cum
1035 4494 1186 4550 mille
1223 4494 1496 4563 equitibus
1517 4495 1736 4564 direxit,
1772 4499 1967 4569 quibus
1997 4514 2088 4555 co-

2193 3284 2341 3355 prios
2369 3298 2401 3339 e
2426 3291 2722 3354 conspectu
2766 3283 3117 3348 amitterent,
3168 3280 3379 3336 hostem
3432 3279 3626 3336 adesse
3652 3279 3801 3335 arbi-

2196 3380 2496 3445 trabantur,
2529 3377 2593 3433 ad
2638 3393 2853 3433 omnem
2881 3387 3177 3433 trementes
3204 3392 3421 3432 sonum.
3447 3376 3505 3433 Si
3526 3377 3650 3448 quis
3668 3391 3805 3432 con-

2194 3482 2476 3542 curreret,
2509 3472 2709 3529 misere
2738 3472 3230 3540 convertebantur,
3264 3486 3384 3528 sese
3415 3470 3546 3541 peti,
3578 3470 3680 3526 sibi
3710 3485 3804 3527 ca-

2196 3574 2348 3621 tenas
2376 3564 2524 3635 injiei
2553 3563 2923 3635 trepidantes,
2966 3565 3119 3635 quasi
3143 3564 3252 3635 jam
3284 3572 3585 3634 prresentes
3612 3575 3804 3620 essent

2195 3658 2285 3727 qui
2319 3656 2664 3713 timebantur.
2712 3656 2866 3711 Titus
2897 3658 2970 3711 ita
2994 3654 3147 3728 juxta
3176 3666 3503 3712 conventum
3536 3655 3651 3727 jam
3680 3656 3803 3712 sole

2196 3750 2398 3820 infuso,
2428 3752 2494 3807 ad
2513 3751 2701 3808 urbem
2725 3766 2848 3807 cum
2875 3752 3119 3807 exercitu
3132 3751 3411 3806 contendit
3442 3768 3455 3805 :
3480 3751 3802 3820 aperiuntur

2196 3855 2364 3914 porta:
2397 3864 2410 3899 :
2459 3844 2734 3916 egreditur
2775 3844 3008 3914 populus
3038 3859 3159 3899 eum
3188 3843 3576 3910 exsultatione,
3603 3852 3659 3897 et
3686 3843 3800 3897 Ro-

2196 3951 2385 3993 manos
2406 3951 2526 3992 cum
2558 3936 2742 3993 lzetitia
2770 3935 2997 4006 suscipit
3019 3945 3074 3991 et
3099 3934 3380 3990 alacritate
3404 3952 3418 3990 :
3452 3934 3648 3990 abesse
3669 3948 3803 4004 gau-

2193 4030 2327 4087 dens
2369 4031 2707 4102 pestilentem
2740 4031 2938 4096 virum,
2971 4029 3170 4101 fugisse
3202 4046 3297 4100 per
3327 4039 3565 4096 noctem,
3595 4029 3699 4085 sibi
3733 4029 3800 4084 li—

2194 4122 2378 4179 heram
2409 4123 2721 4179 facultatem
2751 4122 2932 4178 datam
2965 4140 2978 4176 :
3005 4137 3167 4178 orare
3196 4138 3257 4179 se
3280 4122 3518 4189 veniam,
3552 4138 3621 4178 ne
3650 4120 3800 4176 fran-

2192 4216 2245 4271 di
2271 4217 2370 4272 sibi
2404 4225 2552 4273 esset
2589 4218 2708 4287 ejus
2738 4215 2883 4288 fuga,
2913 4231 3074 4287 quem
3118 4225 3305 4271 tenere
3350 4216 3471 4271 sine
3498 4229 3599 4269 suo
3630 4214 3803 4271 exitio

2194 4326 2300 4365 non
2332 4320 2573 4381 possent.
2608 4310 2702 4366 Ille
2732 4309 2997 4365 dilatione
3018 4308 3270 4365 vindictae
3298 4307 3637 4373 consolatus,
3669 4323 3800 4364 con-

2194 4403 2443 4457 summati
2494 4402 2692 4472 negotii
2747 4401 3059 4467 celeritate,
3107 4400 3174 4456 ad
3223 4400 3799 4472 comprehendendum

2193 4494 2459 4550 Joannem
2481 4511 2512 4551 e
2537 4494 2767 4566 vestigio
2795 4493 3061 4565 plurimos
3091 4494 3255 4563 misit,
3291 4495 3335 4549 si
3353 4494 3493 4550 forte
3517 4508 3643 4549 eum
3671 4509 3803 4550 cou-

482 4589 708 4643 mitatus
740 4587 808 4640 ad
838 4586 1027 4641 urbem
1071 4586 1546 4658 appropinquavit.
1605 4588 1712 4646 Sed
1765 4590 1855 4645 ubi
1905 4572 2571 4659 mttrostequcrentur.
2620 4589 2742 4660 Ipse
2794 4588 2983 4643 urbem
3046 4588 3355 4659 ingressus,
3411 4587 3573 4642 minis
3627 4590 3804 4661 magis

484 4681 686 4751 populo
718 4680 853 4734 vidit
903 4679 1157 4746 refertos,
1213 4681 1396 4735 mirari
1446 4696 1505 4736 se
1554 4683 1652 4747 ait,
1701 4683 1843 4753 quod
1900 4699 2087 4740 eorum

480 4775 788 4844 exemplum
819 4784 1179 4844 sequerentur
1205 4774 1271 4827 ad
1302 4774 1697 4842 rebellandum,
1732 4792 1960 4846 quorum
1994 4794 2088 4834 ex-

480 4866 624 4922 cidio
655 4866 975 4935 resipiscere
1021 4865 1356 4922 debuissent.
1393 4865 1524 4921 Esto
1567 4876 1781 4933 tamen,
1820 4876 1878 4923 ut
1914 4871 2088 4939 primo

482 4968 818 5016 tentamenta
865 4958 1153 5015 habuerint
1201 4958 1405 5031 aliquid
1454 4962 1925 5031 praesumptionis,
1957 4964 2084 5033 quid

482 5053 860 5109 universorum
911 5050 1076 5107 exitia
1124 5052 1241 5122 spei
1286 5052 1533 5107 ferrent?
1593 5052 1891 5110 Veniabilis
1940 5065 2087 5111 certe

483 5145 650 5201 fuerit
671 5147 723 5199 in
751 5145 1016 5215 principio
1046 5159 1173 5215 spes
1195 5144 1460 5199 libertatis
1486 5161 1499 5197 :
1529 5144 1878 5200 inexorabilis
1905 5156 2085 5202 tamen

484 5246 567 5294 est
600 5238 651 5292 in
682 5236 886 5291 ultimis
912 5244 967 5291 et
984 5235 1285 5306 desperatis
1312 5235 1475 5291 rebus
1502 5238 1927 5306 perseverantia.
1950 5237 2085 5294 Nam

485 5330 578 5400 qui
608 5344 714 5383 non
741 5327 993 5397 exemplo
1026 5327 1396 5391 humanitatis,
1421 5343 1526 5384 non
1573 5328 1766 5383 sedulo
1795 5330 2083 5385 verborum

485 5422 691 5476 monitu
715 5419 1026 5484 ﬂectuntur;
1048 5419 1339 5474 adversum
1371 5435 1490 5487 eos,
1525 5437 1631 5475 non
1659 5422 1844 5489 verba,
1870 5423 1967 5478 sed
1997 5438 2086 5479 ar-

483 5532 566 5570 ma
601 5516 902 5571 necessaria
950 5523 1097 5570 sunt.
1159 5514 1325 5570 Muris
1379 5515 1543 5571 ﬁditis
1589 5520 1738 5586 quasi
1794 5517 2081 5572 adversum

481 5600 846 5657 Romanarum
899 5603 1125 5657 virtutes
1183 5603 1302 5657 illos
1349 5603 1706 5673 protexerint.
1751 5602 1889 5670 Quid
1935 5603 2079 5659 aliud

481 5707 707 5776 possunt
750 5696 919 5773 clausi
970 5694 1253 5773 praeferre,
1298 5684 1645 5767 circumsepti
1693 5696 2073 5769 praetendere,

547 5797 572 5825 ι
613 5782 954 5846 Ferebantur.
988 5778 1155 5844 ΒΑΜ.

2192 4700 2351 4756 quam
2382 4683 2648 4754 supplicio
2669 4682 2916 4738 aﬂ‘eeisse
2951 4693 3241 4739 contentus
3273 4682 3422 4753 pacis
3451 4683 3805 4754 perturbato-

2194 4792 2304 4843 res,
2338 4776 2548 4832 remisit
2584 4776 2867 4840 omnibus,
2908 4791 2976 4831 ne
3003 4776 3122 4847 quis
3154 4776 3235 4831 vel
3273 4774 3422 4843 odio,
3450 4775 3541 4831 vel
3580 4774 3806 4833 domes-

2194 4871 2315 4927 ticis
2345 4871 2612 4927 excitatus
2640 4870 2891 4941 negotiis,
2941 4869 3192 4925 innoxios
3226 4870 3279 4924 in
3322 4867 3580 4924 invidiam
3628 4869 3808 4926 dedu-

2192 4974 2359 5031 ceret,
2416 4976 2472 5020 et
2519 4964 2824 5037 gravissimi
2874 4964 3120 5019 criminis
3171 4963 3415 5035 pulsaret
3463 4964 3802 5021 atrocitate:

2190 5074 2313 5114 cum
2344 5057 2513 5113 multo
2537 5056 2875 5113 tolerabilius
2896 5056 2969 5111 sit
2993 5055 3232 5127 id,’quod
3259 5055 3528 5111 incertum
3546 5063 3655 5123 est,
3689 5055 3807 5112 for-

2190 5149 2382 5204 midini
2439 5148 2715 5219 participis
2762 5148 3113 5203 conscientiae
3161 5146 3577 5218 derelinquere,
3635 5163 3803 5218 quam

2188 5241 2553 5297 condemnare
2601 5241 2901 5296 innoxium.
2957 5240 3118 5312 Saepe
3169 5240 3316 5295 enim
3366 5256 3519 5296 reum
3575 5240 3807 5313 corrigit

2188 5346 2403 5390 metus:
2455 5349 2612 5405 pretia
2662 5342 2841 5390 autem
2883 5334 3187 5390 innocentis
3239 5334 3357 5389 sine
3398 5332 3507 5388 ullo
3551 5334 3806 5390 remedio

2188 5428 2545 5483 correctionis
2572 5436 2674 5483 est.
2701 5427 2940 5483 Joannes
2973 5427 3155 5497 itaque
3192 5440 3300 5482 non
3330 5435 3411 5481 est
3439 5437 3701 5496 repertus
3734 5426 3804 5483 ab

2193 5520 2273 5575 his
2306 5535 2443 5591 quos
2472 5520 2748 5575 direxerat
2770 5517 2924 5574 Titus
2954 5536 2966 5573 :
2997 5518 3091 5573 sed
3132 5519 3333 5587 reperti
3360 5516 3456 5588 qui
3491 5519 3806 5589 sequeban-

2191 5624 2275 5668 tur
2301 5629 2449 5680 eum,
2474 5613 2684 5684 parvuli
2718 5614 2799 5668 vel
2825 5611 3100 5682 mulieres,
3128 5612 3196 5669 ad
3225 5611 3334 5668 duo
3365 5610 3530 5667 millia
3561 5612 3683 5670 fere
3711 5613 3801 5669 in-

2185 5706 2431 5771 lcrfecti,
2460 5708 2556 5762 tria
2596 5706 2761 5763 millia
2813 5716 2993 5763 autem
3023 5704 3255 5763 infirmat
3291 5707 3471 5763 (etatis
3498 5716 3555 5764 et
3597 5718 3787 5774 sexus,
