3964 6318
189 306 342 362 2103

1077 303 1347 361 HISTOR.
1393 304 1482 361 DE
1523 304 1800 362 EXCIDIO
1841 303 2110 363 IIIEROS.
2157 306 2360 366 URBIS
2391 307 2520 365 LIB.
2556 310 2644 367 IV.

3362 320 3505 377 2106

194 421 288 478 ubi
315 421 541 476 satietas
567 415 794 474 necandi
828 417 1312 490 facta,captivitati
1336 419 1628 491 adjudicati
1648 430 1795 477 sunt.
1825 421 2242 490 Asacerdotia,
2296 422 2364 479 ad
2409 439 2570 481 omne
2626 426 2774 482 nefas
2827 428 3226 488 conferentium
3277 432 3505 493 arbitrio

195 512 513 569 Custodiam
545 511 833 566 militarem
857 511 1061 567 civitati
1094 512 1409 582 impertivit.
1443 513 1628 585 Itaque
1654 513 1801 570 Gali.

197 608 294 662 Iaca
328 606 507 660 omnis
528 604 582 658 in
609 613 929 675 potestatem
968 604 1265 660 Romanam
1303 605 1555 662 deducta.
1587 607 1718 662 Nam
1747 616 1801 662 et

195 700 490 756 'I'babirius
506 713 678 766 mons,
697 699 849 770 cujus
867 699 1094 754 altitudo
1111 701 1324 771 triginta
1347 700 1665 765 stadiorum,
1685 717 1801 756 ver.

199 804 284 848 lex
303 804 484 848 autem
505 792 617 862 ipse
631 793 950 861 campestris
965 793 1153 864 viginti
1167 803 1218 848 et
1233 793 1406 849 tribus
1419 793 1758 864 stadiisjacct
1777 835 1792 859 ,

197 888 426 958 penuria
443 902 598 957 aqua:
621 887 688 942 ab
701 886 822 941 aliis
840 885 1111 954 desertus,
1130 886 1198 942 ab
1210 887 1332 942 aliis
1351 896 1502 943 orata
1515 889 1670 944 venia
1688 889 1796 943 Ro-

197 979 622 1036 manistraditus
652 999 664 1034 :
694 978 821 1034 licet
849 971 1279 1051 virtute'quoque
1311 989 1364 1036 et
1385 981 1648 1036 industria
1671 982 1794 1036 Pla-

195 1071 299 1128 cidi
329 1071 418 1126 cui
450 1071 502 1126 id
531 1072 735 1144 negotii
759 1087 786 1125 a
826 1071 1162 1144 Vespasiano
1203 1073 1554 1129 commissum
1595 1073 1792 1141 fuerat,

195 1165 372 1222 omnis
405 1181 771 1222 convenarum
821 1168 994 1232 turba,
1045 1167 1173 1224 dum
1200 1168 1483 1225 cedentem
1508 1169 1781 1240 sequitur,

196 1269 250 1315 et
279 1269 398 1315 arte
424 1268 771 1317 revocantem
795 1262 1389 1333 gradum'perurgcret,
1412 1262 1588 1333 campi
1615 1261 1793 1318 medio

195 1355 551 1422 circumfusa,
613 1353 878 1427 refugium
918 1357 1191 1421 amiserit,
1251 1367 1458 1427 pestem
1498 1357 1790 1412 invenerit.

825 1449 1054 1506 CAPUT
1096 1450 1160 1504 V.

259 1543 540 1600 llactenus
619 1545 1019 1614 circumvagari
1097 1543 1515 1607 licuerit,dum
1596 1546 1789 1615 templi

188 1638 358 1693 sancti
392 1653 422 1692 a
452 1637 751 1709 majoribus
775 1637 1013 1705 conditi,
1049 1650 1102 1693 et
1151 1653 1321 1693 sacra:
1369 1637 1508 1708 legis
1536 1638 1787 1709 contagia

187 1734 554 1804 refugientes,
588 1733 733 1789 circa
759 1733 894 1788 alias
947 1734 1108 1789 urbes
1159 1733 1360 1804 stylum
1411 1747 1784 1802 occupamus:

1903 514 2341 584 subjicerentur:
2376 517 2469 573 sed
2501 532 2623 574 cum
2657 519 2946 578 obviarent
2968 525 3340 584 saccrdotales
3370 529 3502 598 viri,

1902 617 1957 663 et
1985 609 2220 665 maxime
2248 610 2474 667 Ananus
2499 615 2714 669 caeteris
2743 617 2958 686 scnior,
3008 635 3077 676 ne
3127 636 3227 692 per
3270 625 3501 694 gratiam

1902 699 2200 756 donaretur
2285 705 2484 759 summi
2541 707 2780 764 nominis
2853 715 3251 784 praerogativa,
3309 718 3508 772 sortito

1901 793 2074 847 creari
2103 794 2406 866 principem
2447 799 2791 855 sacerdotem
2824 813 3124 874 expetunt,
3153 807 3204 860 in
3231 822 3338 878 quo
3367 809 3504 867 nihil

1899 887 2119 957 gratiae,
2159 888 2255 944 sed
2307 889 2492 945 divino
2531 891 2740 961 judicio
2786 897 3052 952 committi
3083 901 3250 956 sortis
3275 910 3502 959 eventus

1899 980 2285 1038 aestimaretur.
2319 985 2384 1039 Et
2422 1000 2613 1040 revera
2645 987 3062 1058 prmtendebant
3087 1001 3328 1050 veterem
3370 1009 3504 1051 con-

1899 1075 2242 1132 suetudinem
2269 1120 2283 1144 ,
2311 1094 2415 1150 qua
2448 1080 2858 1138 substituendos
2890 1085 2940 1139 in
2973 1086 3264 1143 sacerdotii
3291 1088 3500 1159 princi-

1899 1179 2082 1239 patum
2113 1186 2230 1226 mos
2259 1183 2378 1228 erat
2409 1174 2474 1229 ad
2499 1184 2704 1232 sortem
2736 1178 2920 1233 vocari
2947 1196 2959 1232 :
2993 1179 3276 1238 evidenter
3314 1192 3494 1240 autem

1897 1263 2233 1320 solutionem
2265 1266 2401 1338 legis
2433 1269 2824 1339 operabantur.
2853 1270 2988 1327 Cum
3021 1274 3166 1329 enim
3197 1275 3285 1331 lex
3317 1291 3498 1332 sacer-

1895 1355 2094 1412 dotalis
2123 1361 2487 1416 successionis
2511 1363 2660 1418 viros
2689 1364 2756 1420 ad
2784 1377 2994 1422 sortem
3025 1367 3267 1438 legeret,
3301 1369 3379 1425 illi
3429 1370 3496 1426 ad

1895 1453 2138 1522 speciem
2169 1453 2237 1509 de
2277 1457 2708 1515 sacerdotalibus
2737 1459 2986 1516 tribubus
3031 1479 3233 1531 unum,
3289 1472 3314 1500 τι
3354 1463 3497 1520 Ena-

1893 1545 2055 1600 chum
2105 1547 2359 1617 nomine,
2391 1561 2720 1619 prmsentem
2765 1561 3043 1623 statuunt,
3091 1563 3145 1612 et
3174 1555 3239 1611 ad
3287 1567 3494 1613 sortem

1891 1641 1978 1711 agi
2020 1641 2364 1711 praecipiunt.
2415 1643 2565 1700 Tunc
2597 1644 2796 1702 Phanis
2849 1648 3066 1718 quidam
3121 1660 3272 1706 sorte
3321 1651 3494 1719 exiit,

1895 1731 2036 1786 filius
2066 1733 2360 1801 Samuelis,
2393 1737 2619 1792 incanus
2645 1740 2751 1808 vir,
2771 1741 2856 1795 cui
2903 1755 3009 1796 non
3035 1742 3197 1798 modo
3225 1759 3321 1814 per
3343 1744 3496 1813 prin-

186 1827 276 1882 sed
330 1837 549 1897 tempus
605 1835 689 1882 est
708 1827 816 1897 jam
841 1869 855 1894 ,
903 1836 961 1882 ut
1010 1843 1129 1897 quae
1182 1826 1580 1898 Hierosolymis
1633 1833 1786 1895 gesta
1817 1830 1861 1890 Β
1891 1827 2040 1896 cipes
2061 1831 2405 1885 sacerdotum
2434 1831 2594 1887 ducta
2617 1836 2898 1890 successio
2920 1837 3068 1893 nulla
3093 1839 3491 1909 suppeditaret,

185 1930 338 1984 sunt,
367 1920 718 1984 adoriamur,
750 1937 858 1975 non
892 1922 1115 1991 ingenio
1147 1917 1306 1985 freti,
1351 1919 1446 1974 sed
1481 1934 1548 1973 ne
1596 1918 1785 1988 patria:

186 2014 285 2085 legi
320 2014 605 2084 veterique
657 2014 858 2080 cultui,
894 2014 1066 2068 nostri
1116 2012 1324 2067 doloris
1378 2011 1660 2066 videamur
1690 2025 1785 2065 ne-

184 2119 338 2175 gasse
367 2105 738 2161 ministerium
766 2123 779 2158 :
807 2105 974 2160 fuerit
1015 2106 1068 2160 in
1101 2105 1208 2160 illis
1242 2105 1369 2159 licet
1398 2103 1619 2170 umbra,
1674 2119 1782 2157 non

183 2200 378 2252 veritas
397 2240 413 2266 ,
440 2196 538 2254 sed
566 2208 747 2254 tamen
769 2199 960 2254 umbra
985 2198 1236 2268 designat
1261 2195 1510 2250 veritatis
1535 2194 1781 2264 vestigia.

183 2291 352 2346 Ilabet
377 2293 529 2348 enim
581 2293 806 2361 picturae
849 2292 1175 2346 lineamenta
1229 2289 1457 2355 umbra,
1513 2288 1780 2358 fulgorem

183 2400 284 2440 non
342 2386 544 2452 habet,
599 2400 700 2440 nec
736 2384 800 2438 ad
835 2398 1104 2438 summam
1139 2382 1378 2452 perfecta
1412 2389 1495 2436 est
1525 2394 1778 2444 manum,

180 2482 268 2538 sed
315 2481 616 2552 diligenter
663 2479 1002 2535 intuentibus
1030 2477 1206 2532 futura
1238 2476 1532 2546 exprimit:
1569 2485 1622 2530 ct
1657 2475 1780 2530 ideo

181 2576 352 2629 minus
386 2574 632 2629 delectat
663 2573 831 2643 figura
857 2615 868 2638 ,
903 2573 1021 2642 plus
1052 2569 1208 2626 illicit
1236 2569 1428 2639 gratia.
1483 2566 1639 2622 Unde
1667 2568 1780 2636 pla-

178 2670 284 2724 cuit
339 2684 526 2724 rerum
573 2669 778 2724 arbitro
807 2667 1026 2722 abolere
1077 2673 1262 2720 vetera
1283 2706 1297 2726 ,
1331 2679 1466 2719 nova
1499 2664 1776 2730 condere;

179 2773 235 2818 ut
259 2765 545 2819 veritatem
592 2771 990 2831 sequerentur,
1025 2760 1114 2831 qui
1149 2774 1246 2829 per
1274 2758 1556 2828 angustias
1588 2756 1779 2812 inﬁde-

179 2855 336 2911 litatis
368 2853 642 2925 imagines
669 2868 775 2908 non
804 2853 1194 2924 sequebantur.

793 2946 1022 3004 CAPUT
1066 2946 1152 3000 V'I.

246 3049 478 3119 Fugiens
502 3090 515 3113 ,
543 3056 602 3101 ut
629 3061 791 3116 supra
823 3045 1064 3098 diximus
1091 3085 1104 3109 ,
1139 3043 1208 3097 de
1234 3040 1475 3097 Galilma:
1529 3039 1775 3110 partibus

177 3140 405 3198 Joannes
463 3139 528 3195 ad
582 3137 1130 3209 llierosolymitanam
1185 3134 1374 3190 urbem
1407 3135 1769 3199 sccontnlit;

1889 1921 1982 1974 sed
2013 1936 2080 1976 ne
2113 1922 2215 1976 ulla
2256 1924 2478 1995 quidem
2534 1928 2764 1983 scicntia
2823 1932 3067 1986 muneris
3095 1933 3456 1989 sacerdotalis
3477 1975 3492 2000 ,

1887 2029 1955 2070 eo
1995 2016 2137 2086 quod
2172 2019 2282 2072 ruri
2313 2030 2571 2077 vacaret:
2600 2033 2655 2077 et
2687 2023 2810 2078 ideo
2835 2066 2849 2090 ,
2880 2025 3025 2094 quod
3052 2035 3199 2082 esset
3232 2028 3489 2098 princeps

1887 2109 2231 2164 sacerdotum
2253 2153 2268 2179 ,
2319 2112 2655 2185 incognitum
2687 2116 2942 2172 habebat.
2987 2118 3232 2190 Denique
3262 2128 3492 2178 attracto

1885 2215 1950 2254 ex
1997 2203 2177 2272 agris,
2205 2214 2260 2259 ct
2305 2207 2600 2264 reluctanti
2646 2210 2802 2281 quasi
2845 2211 2898 2265 in
2949 2225 3111 2267 scena
3152 2210 3178 2249 ι)
3209 2212 3316 2268 alia
3367 2228 3496 2284 per-

1884 2309 2016 2351 sona
2058 2297 2388 2368 imponitur,
2433 2301 2675 2356 induitur
2719 2318 2936 2373 quoque
2984 2319 3264 2359 sacrarum
3313 2309 3490 2362 veteri

1885 2406 2038 2445 more
2081 2391 2338 2448 amictum
2371 2397 2626 2450 vestium.
2656 2397 2895 2452 Docetur
2939 2398 2992 2452 in
3044 2407 3288 2468 tempore
3309 2437 3325 2465 ,
3359 2399 3490 2470 quid

1884 2497 2006 2537 eum
2052 2483 2231 2542 facere
2269 2496 2565 2557 oporteret.
2596 2489 2673 2545 Ita
2701 2491 2868 2546 sortis
2898 2502 3093 2546 eventu
3134 2492 3380 2562 exposita
3403 2500 3490 2548 est

1884 2579 2125 2649 nequitia
2149 2582 2621 2649 seditiosorummt
2641 2584 2708 2640 ad
2727 2585 3039 2655 imperitum
3054 2595 3324 2656 agrestem
3352 2587 3487 2641 tanti

1881 2673 2172 2728 sacerdotii
2202 2676 2408 2731 functio
2434 2677 2822 2734 deduceretur.
2847 2680 2952 2735 Sed
2975 2679 3084 2736 illis
3107 2679 3346 2737 ludibrio
3368 2690 3488 2737 erat
3520 2743 3528 2749 ἡ

1880 2766 2316 2838 circumscriptio
2367 2773 2570 2828 veteris
2634 2774 3046 2841 solemnitatis,
3108 2776 3486 2833 sacerdotibus

1880 2856 2092 2915 dolori:
2125 2862 2215 2933 qui
2246 2863 2463 2919 irrideri
2492 2866 2662 2937 legent
2693 2881 2721 2920 a
2751 2867 2978 2936 perditis
3002 2866 3200 2924 flentes
3226 2869 3486 2940 ingemis-

1879 2953 2098 3009 cebant.
2135 2956 2241 3026 Ipsi
2267 2967 2448 3014 tamen
2477 2959 2600 3014 freti
2636 2960 2854 3029 pietatis
2876 2961 3204 3017 auctoritate
3229 2971 3285 3017 ct
3315 2962 3488 3018 bono-

1879 3061 1999 3101 rum
2034 3047 2408 3120 indignatione
2437 3063 2771 3124 congregant
2797 3069 2918 3109 sese
2937 3096 2952 3121 ,
2982 3063 3037 3110 et
3078 3071 3243 3125 super
3273 3065 3486 3126 pertur-

1880 3139 2099 3195 hatores
2149 3141 2383 3199 irruunt.
2435 3145 2500 3199 At
2546 3145 2624 3199 illi
2661 3161 2784 3200 cum
2836 3155 2886 3200 et
2924 3161 3104 3201 causze
3147 3157 3202 3204 et
3253 3163 3483 3204 numero

178 3248 228 3292 et
279 3239 431 3308 quasi
497 3233 744 3304 qumdam
798 3233 968 3302 pestis
1021 3231 1206 3286 infecit
1248 3231 1461 3284 animos
1495 3231 1771 3300 plurium,
1804 3229 1849 3292 C
1880 3230 2236 3302 dissidercnt,
2268 3234 2334 3289 ad
2369 3237 2627 3306 templum
2653 3240 2806 3308 quasi
2860 3239 2912 3292 in
2958 3253 3140 3294 arcem
3171 3240 3483 3311 confugien-

179 3329 261 3399 qui
305 3347 365 3384 cx
400 3329 640 3383 diversis
682 3326 998 3397 regionibus
1033 3324 1304 3396 principes
1353 3323 1679 3392 flagitiorum
1709 3339 1777 3378 eo

177 3423 322 3494 quasi
355 3424 407 3478 in
449 3423 725 3478 sentinam
756 3421 1165 3476 confluxerunt.
1197 3418 1312 3474 lloc
1342 3420 1486 3474 enim
1523 3419 1602 3473 illi
1653 3419 1778 3473 urbi

179 3519 394 3588 majoris
419 3532 592 3574 causa
621 3514 816 3571 excidii
849 3515 948 3568 fuit
970 3557 985 3580 ,
1010 3514 1134 3584 quia
1154 3512 1299 3584 quod
1328 3511 1634 3568 sceleribus
1660 3514 1775 3569 suis

177 3611 495 3668 deferebant
517 3612 747 3684 perditi,
781 3618 839 3663 ut
867 3624 933 3664 eo
963 3609 1329 3663 convenirent
1362 3607 1610 3678 plerique
1634 3649 1648 3675 ,
1681 3608 1773 3664 ubi

177 3708 256 3762 vel
281 3710 516 3764 tutiores
543 3723 602 3763 se
648 3706 764 3761 fore
813 3707 1134 3770 crederent,
1171 3707 1252 3763 vel
1289 3707 1678 3764 insolentiores
1705 3707 1774 3763 ad

178 3800 368 3872 ﬂagitia
411 3800 823 3870 coacervanda,
874 3801 999 3856 fidei
1061 3801 1277 3857 deferre
1338 3803 1771 3858 mstimabantur.

180 3893 600 3965 Recipiebantur
629 3895 809 3964 itaque
838 3894 1072 3963 passim,
1098 3894 1250 3965 quasi
1284 3895 1372 3964 pio
1403 3895 1587 3964 templi
1618 3909 1772 3949 amo.

178 4003 233 4042 re
262 3990 544 4045 defensum
575 3989 846 4044 venirent.
886 3987 1012 4043 Hmc
1057 3989 1235 4059 prima
1296 3987 1446 4042 labes
1477 3989 1769 4042 malorum.

178 4079 308 4138 Hinc
335 4097 602 4155 oppressa
633 4090 716 4136 est
746 4096 1042 4151 paucorum
1078 4079 1442 4134 mansuetudo
1470 4095 1570 4150 per
1601 4079 1772 4150 pluri—

178 4188 380 4230 morum
430 4174 821 4229 insolentiam:
886 4173 1010 4227 hinc
1082 4173 1216 4227 itum
1264 4173 1318 4226 in
1385 4172 1592 4236 caedes,
1649 4189 1769 4228 cum

179 4268 349 4325 minus
378 4277 632 4339 parceret
658 4268 906 4322 alienus:
943 4265 1068 4321 hinc
1112 4266 1523 4334 conSpiratum,
1583 4274 1638 4320 ut
1694 4267 1762 4322 le-

177 4361 253 4430 gis
300 4363 565 4417 solemnia
623 4361 1062 4432 ncgligerentur,
1097 4359 1401 4416 sacerdotia
1433 4376 1462 4414 a
1495 4360 1650 4414 bonis
1703 4359 1769 4414 ad

179 4453 448 4522 improbos
476 4454 897 4520 derivarentur,
931 4452 1073 4521 quod
1114 4452 1427 4508 hominibus
1451 4468 1558 4506 non
1590 4452 1768 4506 solum

177 4560 205 4599 a
236 4545 317 4614 pio
343 4548 526 4612 cultu,
556 4546 651 4602 sed
683 4545 751 4598 ab
779 4547 895 4615 ipsa
928 4545 1061 4616 legis
1085 4545 1396 4615 cognitione
1431 4546 1732 4617 peregrinis
1752 4589 1767 4611 ,

1879 3335 1994 3389 tes,
2028 3327 2176 3382 velut
2216 3339 2457 3385 castrum
2488 3330 2761 3400 quoddam
2795 3331 2901 3386 sibi
2930 3333 3366 3399 constituerunt,
3415 3333 3482 3390 ad

1877 3421 2254 3490 repellendam
2288 3423 2550 3479 irrttcntis
2575 3427 2757 3496 populi
2803 3427 3227 3483 multitudinem.
3263 3431 3340 3484 Ac
3371 3430 3484 3499 pri-

1875 3527 1966 3566 mo
2005 3521 2130 3567 ante
2164 3511 2312 3570 fores
2357 3516 2546 3587 templi
2585 3526 2752 3588 atque
2787 3518 2838 3572 in
2871 3518 2988 3588 ipso
3037 3520 3305 3576 vestibulo
3355 3521 3478 3588 siti,

1875 3607 2165 3663 adversum
2198 3610 2457 3680 populmn
2486 3612 2914 3682 prarliabantur:
2947 3614 2991 3668 si
3015 3613 3137 3683 quis
3163 3615 3484 3670 vulneratus

1875 3702 2082 3769 fuerat,
2127 3702 2390 3760 interiora
2444 3707 2629 3775 templi
2685 3707 2934 3776 petebat,
2987 3709 3095 3763 illic
3159 3709 3479 3780 sanguinem

1875 3809 2032 3848 suum
2076 3794 2311 3852 fundens
2345 3797 2562 3853 interno
2607 3798 2816 3867 limini,
2850 3808 2906 3855 et
2933 3811 3155 3856 cruenta
3200 3804 3475 3871 pavimen-

1877 3888 1946 3943 tis
2001 3889 2334 3945 sauciosiora
2387 3891 2680 3961 detergens
2717 3891 2900 3946 ulcera
2933 3893 3193 3964 fibrmque
3244 3897 3481 3964 patentis

1874 3982 2148 4049 vulneris,
2185 3983 2431 4037 vestibus
2461 3983 2573 4048 bis,
2615 3999 2748 4052 quas
2792 4000 2900 4039 non
2951 3985 3143 4040 liceret
3195 3985 3304 4041 illis
3349 4001 3482 4042 con-

1874 4077 2115 4143 tingere,
2143 4074 2484 4130 ferebantur.
2517 4075 2728 4131 Bellum
2776 4086 2897 4132 erat
2939 4077 3078 4132 intra
3112 4078 3296 4132 urbem
3319 4121 3334 4144 ,
3363 4078 3478 4135 bel-

1876 4169 1984 4223 lmn
2018 4170 2160 4224 inter
2181 4169 2330 4225 cives
2350 4212 2364 4235 ,
2393 4170 2595 4226 bellum
2640 4182 2766 4227 ante
2795 4172 3057 4243 templum
3087 4191 3099 4227 :
3133 4189 3201 4229 ne
3228 4173 3333 4229 hoc
3357 4175 3478 4246 qui-

1873 4260 1997 4316 dem
2043 4260 2260 4316 reveriti
2285 4262 2526 4318 latrones
2548 4303 2564 4329 ,
2587 4279 2708 4318 cum
2735 4279 2764 4317 a
2799 4265 3002 4334 populo
3033 4265 3327 4321 instantius
3349 4283 3476 4339 per-

1877 4363 2229 4424 urgerentur,
2285 4355 2423 4409 intra
2461 4357 2636 4424 ipsum
2682 4357 2944 4427 templum
2966 4373 3092 4414 sese
3116 4369 3475 4430 receperunt,

1874 4457 1928 4502 et
1959 4449 2205 4503 clausere
2256 4449 2404 4504 illico
2447 4449 2612 4506 fores.
2642 4452 2762 4519 Quo
2810 4451 3026 4522 objectu
3060 4465 3349 4508 revocatus
3394 4463 3477 4509 est

1877 4543 2139 4606 Anantts;
2192 4558 2259 4596 ne
2317 4541 2596 4598 \ideretur
2652 4543 2853 4599 bellum
2904 4544 3105 4613 templo
3137 4545 3371 4612 inferre,
3421 4557 3479 4601 et

177 4639 314 4707 quod
356 4649 598 4695 sanctum
629 4647 808 4704 esset,
835 4638 1204 4709 ignorabatur.
1240 4637 1416 4692 Vincti
1447 4649 1573 4694 sunt
1602 4640 1776 4709 primo
1801 4645 1856 4704 D
1883 4645 2122 4688 sacratas
2145 4633 2407 4705 religione
2431 4636 2698 4703 majorum
2724 4654 3077 4708 perrumpere
3103 4638 3249 4693 fores
3268 4640 3477 4711 templi,

179 4731 337 4801 regali
365 4748 566 4802 genere
592 4733 695 4786 viri
742 4732 836 4802 qui
885 4732 1245 4796 resistebant,
1270 4748 1378 4802 quo
1403 4733 1586 4788 czeteri
1620 4742 1770 4789 metu

178 4823 465 4878 cederent:
501 4825 699 4880 deinde
728 4826 942 4891 necati;
976 4834 1030 4881 et
1061 4835 1118 4880 ut
1149 4825 1412 4894 flagitium
1462 4829 1765 4895 velaretur,

179 4928 310 4982 quos
343 4916 459 4972 siue
505 4916 715 4987 judicio
746 4927 1086 4986 peremerant
1108 4959 1123 4985 ,
1155 4918 1340 4973 missis
1378 4919 1432 4971 in
1487 4933 1766 4974 carcerem

179 5012 411 5081 sicariis,
455 5033 658 5088 eosque
716 5017 900 5072 afficto
947 5018 1181 5072 crimine
1225 5017 1546 5086 proditionis
1593 5017 1765 5073 inter-

181 5121 424 5178 emptos,
485 5111 948 5168 ementiebantur.
983 5110 1250 5165 Pertracti
1299 5109 1482 5179 itaque
1529 5111 1769 5166 universi

183 5211 353 5269 metu,
381 5203 522 5274 quod
551 5202 802 5259 homines
829 5211 1077 5272 potentes
1100 5212 1260 5273 atque
1283 5202 1489 5258 innoxii
1513 5202 1764 5272 Antipas.

182 5291 370 5351 chias
397 5305 452 5352 et
494 5297 704 5352 Pboras
734 5305 842 5351 tam
873 5294 1034 5350 facile
1078 5296 1326 5365 oppressi
1360 5294 1535 5349 forent
1557 5335 1572 5357 ,
1623 5295 1768 5365 quod

181 5401 275 5441 nec
325 5389 432 5457 jam
474 5390 748 5446 audebant
791 5388 1072 5444 resistere.
1121 5387 1256 5441 llinc
1301 5401 1367 5442 eo
1413 5400 1766 5454 processum,

182 5487 237 5531 ut
285 5481 549 5550 ignobiles
591 5493 757 5552 atque
788 5481 1046 5551 indignos
1077 5479 1476 5534 substituerent
1512 5479 1770 5535 sacerdo-

183 5580 286 5626 tum
317 5578 622 5648 principes:
654 5586 715 5631 ut
768 5577 969 5646 quibus
1019 5573 1165 5629 nulla
1215 5573 1496 5629 emerendi
1542 5572 1767 5630 honoris

180 5668 344 5733 gratia
367 5669 786 5742 suffragabatur,
822 5671 857 5726 ii
888 5677 1079 5727 contra
1105 5668 1363 5727 meritum
1390 5683 1550 5725 suum
1586 5667 1774 5740 adepti

255 5806 277 5833 ⁸
318 5795 640 5862 Enidcltium.
667 5791 834 5860 Bson.

1878 4729 2095 4786 reﬂexit
2143 4732 2403 4803 impetum
2454 4733 2655 4801 plebis,
2691 4744 2745 4788 et
2783 4749 2879 4789 sex
2933 4735 3098 4789 millia
3151 4734 3390 4790 virorum
3424 4737 3475 4790 in

1875 4827 2180 4898 porticibus
2230 4828 2546 4894 constituit,
2593 4828 2684 4898 qui
2717 4829 2910 4883 muniti
2964 4828 3129 4883 armis
3170 4828 3478 4899 praetende-

1873 4930 2030 4986 rent,
2061 4921 2350 4977 sollicitam
2374 4922 2699 4978 adhibentes
2723 4922 3029 4978 custodiam
3051 4964 3064 4978 .
3093 4923 3358 4978 Paulatim
3401 4933 3480 4978 ta-

1872 5031 1996 5070 men
2059 5015 2290 5070 mollivit
2342 5015 2618 5080 animum,
2672 5023 2729 5068 ut
2777 5015 2894 5085 paci
2942 5015 3350 5081 consuleretur,
3411 5030 3478 5071 eo

1873 5106 2053 5160 studio
2087 5108 2352 5169 maxime,
2385 5123 2452 5162 nc
2481 5107 2740 5177 templum
2787 5108 3008 5178 sanguis
3041 5107 3240 5163 civium
3286 5120 3476 5165 conta-

1877 5197 2154 5254 minaret:
2189 5198 2446 5255 suaderet
2485 5214 2700 5271 quoque
2759 5200 3076 5254 mittendam
3127 5201 3476 5272 legationem,

1877 5291 2026 5361 pacis
2054 5302 2426 5361 sequestram,
2470 5303 2526 5347 ut
2549 5293 2751 5348 bellum
2799 5292 3122 5348 intestinum
3167 5293 3479 5364 deponere-

1877 5389 1984 5437 tur.
2033 5381 2372 5438 Adsciscitur
2418 5383 2656 5440 Joannes
2686 5384 2752 5439 ad
2797 5384 3203 5455 exsequendam
3255 5386 3482 5455 legatio-

1879 5493 2040 5542 nem,
2098 5489 2368 5547 suspectm
2425 5479 2548 5534 fidei
2579 5480 2696 5545 vir,
2752 5489 2806 5534 et
2852 5477 3170 5536 affectandae
3221 5479 3479 5550 potentia:

1875 5586 2178 5628 succensus
2198 5572 2497 5643 cupiditate
2524 5590 2536 5627 :
2563 5583 2964 5630 sacramentum
2983 5573 3184 5644 petitur
3208 5589 3220 5624 :
3255 5587 3362 5627 non
3380 5571 3478 5626 ab.

1877 5667 1995 5723 nuit
2023 5681 2090 5722 ne
2115 5665 2374 5723 damnum
2415 5667 2641 5740 perjurii
2665 5675 2975 5740 pateretur,
3008 5667 3053 5723 si
3082 5676 3361 5738 negasset.
3386 5665 3476 5723 Si-

1950 5798 1978 5838 1³
2018 5781 2221 5856 Aliena.
2268 5802 2340 5857 lo.
