3964 6308
483 281 625 342 2107

1844 280 2085 341 SANCTI
2119 276 2443 342 AMBROSlI

3648 280 3801 337 ειοθ

481 402 723 458 mulabat
766 412 826 458 se
878 401 1020 474 plebi
1052 399 1235 455 favere
1258 440 1272 467 ,
1323 407 1383 455 ut
1412 400 1909 455 circumscriberet.
1939 398 2079 466 Quid
2109 398 2158 460 Λ
2188 398 2385 454 rationi
2412 406 2574 469 atque
2600 398 2920 455 reverentize
2950 397 3141 454 adfuit.
3175 396 3366 470 Fugite
3404 398 3575 469 igitur
3611 408 3798 455 coetus

490 496 689 567 plura?
714 496 929 566 Pergit,
970 494 1040 549 de
1072 507 1204 562 pace
1233 507 1401 564 pauca
1426 492 1735 561 praemittit,
1767 492 1925 563 plura
1949 492 2080 546 sub-

471 589 623 644 texit
651 589 716 643 ad
752 588 877 642 belli
937 586 1308 641 incentivum:
1350 585 1539 641 dicens
1593 586 1811 640 nomine
1863 584 2014 656 pacis
2054 591 2080 622 ι

481 681 682 737 bellum
709 681 1010 735 involutum
1035 722 1050 744 ,
1102 679 1270 734 latere
1298 679 1551 745 insidias,
1587 680 1833 734 Ananum
1879 678 2082 733 Roma-

480 776 568 831 nis
600 775 788 829 urbem
815 773 1058 841 tradcre,
1094 788 1204 844 quo
1242 774 1562 828 solemnitas
1593 782 1831 829 veterum
1879 771 2077 827 dissol-

480 877 733 932 veretur,
786 866 923 936 legis
964 867 1358 937 abrogarentur
1400 875 1705 937 prmeepta,
1746 879 2084 935 componens

480 973 511 1014 e
542 959 761 1015 diverso
790 962 1000 1025 omnia;
1054 970 1217 1029 atque
1266 959 1528 1015 invidiam
1565 960 1618 1015 iu
1649 960 1951 1031 principem
1997 974 2085 1014 sa-

480 1053 764 1108 cerdotum
795 1052 1041 1108 referens
1088 1068 1312 1117 eorum,
1367 1068 1488 1123 qua)
1541 1054 1657 1123 ipse
1706 1053 2082 1109 meditaretur.

480 1144 692 1202 Callide
741 1148 941 1213 etiam,
974 1161 1111 1217 quos
1156 1146 1359 1202 sciebat
1408 1145 1632 1200 illorum
1676 1144 1769 1215 qui
1839 1144 2085 1200 conclusi

482 1249 676 1307 erant,
709 1255 833 1296 esse
883 1240 1146 1310 praesules
1178 1248 1233 1294 et
1260 1238 1520 1293 factionis
1552 1239 1860 1309 principes,
1895 1238 2086 1293 incita-

481 1335 604 1401 bat,
636 1349 829 1404 parere
857 1334 1053 1390 mortis
1082 1332 1375 1388 fortnidine
1429 1347 1712 1399 asserens,
1762 1330 1906 1403 quod
1951 1329 2086 1401 ipsis

481 1427 799 1497 specialiter
840 1425 1066 1481 Ananus
1114 1425 1337 1480 exitium
1381 1424 1823 1494 composuisset:
1871 1424 2089 1479 venisse

481 1533 573 1580 se,
608 1528 665 1574 ut
689 1518 938 1574 fraudem
968 1518 1361 1572 manifestaret.
1404 1517 1615 1572 Mature
1649 1515 1891 1571 subsidia
1938 1531 2090 1586 quaa-

479 1612 645 1667 renda
671 1653 684 1677 ,
716 1613 867 1681 prius
897 1624 1057 1680 quant
1089 1612 1158 1666 ab
1185 1612 1267 1666 eis
1296 1625 1451 1681 poena
1493 1618 1895 1681 reposceretnr.
1948 1607 2086 1677 Quid

481 1705 679 1774 plura?
708 1706 857 1774 pacis
885 1705 1096 1760 medius
1138 1705 1343 1759 bellum
1367 1703 1636 1760 accendit.
1685 1705 1971 1775 Eliguntur
1996 1705 2087 1774 qni

2190 491 2571 561 parricidales,
2614 499 2669 546 et
2715 506 2881 547 ausus
2926 492 3222 561 sacrilegos
3265 491 3579 554 destituite.
3629 492 3796 549 dese-

2185 584 2287 640 rite
2316 585 2587 640 latronum
2636 585 3015 641 conciliabula.
3041 585 3231 640 Vocati
3278 585 3412 640 estis
3451 585 3517 640 ad
3558 600 3794 641 consor-

2188 678 2320 733 tiutn
2352 677 2616 742 sceleris,
2651 679 2846 734 venitis
2885 679 2953 734 ad
3008 678 3308 733 remedium
3353 679 3565 747 patriae.
3628 678 3795 733 Vide-

2189 784 2307 824 mus
2335 769 2737 825 ornatissimum
2767 771 3023 841 populum
3040 785 3241 842 ,gquem
3273 770 3460 825 venire
3481 770 3667 826 decuit
3690 787 3796 841 pu-

2186 861 2331 918 blico
2363 875 2608 934 rogatum
2649 863 2907 931 consilio,
2939 872 2996 917 ut
3035 862 3154 918 urbi
3181 862 3492 918 Iudaeorum
3524 873 3796 933 praestan-

2192 956 2417 1011 tissima:
2461 959 2612 1028 (qua:
2670 959 2834 1012 latius
2889 957 3066 1029 gentis
3112 959 3433 1028 metropolis
3486 956 3794 1030 habeatur)

2188 1046 2475 1102 adversum
2506 1049 2691 1105 hostes
2719 1049 2920 1105 auxilio
2944 1051 3101 1104 foret.
3130 1049 3236 1106 Sed
3258 1052 3359 1105 etsi
3386 1065 3485 1105 nos
3511 1050 3794 1106 defuimus

2192 1139 2469 1207 petitioni,
2515 1140 2643 1195 dum
2695 1156 2885 1212 pacem
2928 1143 3297 1213 speravimus,
3329 1151 3386 1197 et
3426 1142 3658 1211 fatigare
3691 1158 3796 1200 vos

2191 1228 2218 1268 δ
2261 1246 2489 1300 ριόιιρτυ
2519 1232 2819 1299 voluimus,
2858 1233 2947 1304 qui
2981 1234 3369 1289 excitatoribus
3411 1233 3545 1290 belli
3595 1248 3794 1304 pacem

2190 1324 2557 1381 oﬂ‘ercbantus
2588 1344 2601 1381 :
2630 1337 2808 1382 tamen
2835 1342 2934 1381 vos
2972 1327 3124 1397 quasi
3155 1326 3339 1382 divino
3367 1328 3597 1382 arbitrio
3628 1342 3797 1382 vene-

2193 1417 2337 1481 ritis.
2369 1423 2639 1476 consulite
2667 1422 2718 1475 in
2748 1421 2985 1476 medium
3007 1466 3021 1485 ,
3045 1432 3098 1477 et
3123 1421 3378 1477 exhibete
3396 1420 3569 1489 partis
3583 1422 3794 1477 utrius~

2193 1526 2297 1580 que
2328 1512 2581 1567 arbitros.
2614 1512 2854 1579 Quaerite
2906 1512 3052 1568 unde
3103 1522 3390 1580 cmperunt
3433 1513 3661 1568 exordia
3707 1524 3799 1568 tu-

2194 1606 2396 1659 mttltus
2419 1646 2431 1667 ,
2466 1605 2555 1675 qui
2599 1604 2905 1660 cecineriut
2933 1605 3131 1674 quieta:
3161 1604 3280 1659 urbi
3334 1603 3625 1659 classicum
3650 1646 3664 1668 ,
3697 1605 3798 1674 qui

2191 1697 2479 1753 effuderint
2536 1699 3109 1767 prmstatttissitnttrttm
3176 1698 3373 1752 civium
3437 1699 3793 1767 sanguinem,

483 1798 749 1855 ldumwos
775 1799 840 1854 ad
874 1799 1123 1870 prmlium
1152 1806 1380 1869 rogent:
1408 1812 1580 1868 genus
1609 1799 1844 1865 mobile,
1877 1798 2087 1867 inquie.
2118 1818 2164 1879 Β
2192 1792 2387 1860 quibus
2423 1791 2737 1847 auctoribus
2787 1805 2947 1861 paena
2991 1799 3176 1846 exacta
3205 1791 3274 1844 de
3301 1790 3633 1847 indemnatis
3684 1792 3795 1848 sit:

481 1900 634 1958 tum,
683 1892 957 1957 insolens,
1010 1898 1355 1964 promptunr
1391 1890 1457 1945 ad
1513 1889 1850 1955 discordias,
1900 1905 2082 1944 rerum

480 1983 951 2040 immutationibus
1000 1984 1215 2049 lat-tum,
1250 1982 1477 2052 periculi
1506 1981 1908 2051 improvidum,
1941 1995 2083 2050 prte-

480 2092 610 2148 ceps
661 2079 728 2133 ad
779 2079 1053 2149 prmlium.
1082 2077 1268 2145 Itaque
1308 2076 1427 2131 sine
1460 2090 1612 2129 mora
1661 2071 1786 2129 ﬂexi
1826 2074 2081 2138 veniunt,

391 2167 396 2170 ⁴
481 2184 889 2245 eongregantur
916 2173 1105 2242 viginti
1157 2170 1326 2225 millia
1354 2170 1598 2225 virorum
1618 2210 1633 2236 ,
1677 2176 1736 2223 ut
1764 2177 1888 2239 pote
1922 2168 2084 2222 ttullis

479 2266 688 2321 intenta
739 2275 1007 2320 terrarum
1062 2263 1332 2327 cultibus,
1379 2262 1474 2317 sed
1529 2269 1716 2331 parata
1760 2261 2078 2315 latrociniis.

478 2359 590 2415 Nec
617 2360 790 2414 latere
842 2359 1016 2427 potuit
1070 2357 1319 2413 Ananum
1372 2357 1638 2411 adventus
1696 2353 2078 2409 ldumteornm.

480 2450 726 2521 Denique
758 2461 966 2520 portam
996 2448 1175 2505 claudi
1215 2449 1403 2518 jubet,
1465 2464 1532 2503 ne
1581 2462 1703 2502 cum
1738 2447 1971 2501 tumultu
2001 2449 2083 2501 itt-

478 2543 878 2613 gretlcreutur:
910 2544 1004 2599 sed
1047 2543 1092 2598 si
1140 2544 1258 2598 fieri
1310 2552 1495 2613 posset
1526 2543 1807 2598 veritatem
1847 2556 2077 2612 cogttos.

478 2647 669 2693 cerent
690 2681 704 2705 ,
739 2637 886 2693 bello
917 2637 1317 2692 renuntiarent.

1085 2729 1314 2786 CAPUT
1357 2728 1469 2785 VII.

552 2821 928 2877 Ascendentes
953 2822 1136 2893 itaque
1160 2822 1437 2893 principes
1459 2822 1805 2879 sacerdotum
1828 2836 2041 2877 murum
2065 2861 2079 2885 ,

477 2911 745 2969 ldutureos
777 2914 843 2967 de
875 2915 1012 2969 turri
1052 2914 1507 2984 alloquebantnr:
1552 2915 1786 2970 tnaximu
1823 2930 1947 2970 esse
1983 2915 2083 2969 mi-

479 3004 667 3059 raculo
715 3005 848 3071 sibi,
891 3005 1035 3072 quod
1066 3012 1173 3059 tant
1202 3006 1313 3061 cito
1345 3006 1538 3061 irretiti
1569 3007 1899 3071 mendaciis,
1955 3020 2084 3060 cau-

474 3110 564 3151 sas
614 3111 748 3166 quas
792 3096 1031 3151 nondum
1064 3108 1469 3168 cognoverant,
1500 3099 1672 3153 armis
1693 3112 2086 3167 prosequeren-

2192 1884 2282 1952 qui
2319 1883 2475 1937 nobis
2523 1891 2651 1939 ante
2694 1883 2973 1939 llomanos
3009 1884 3177 1940 exitio
3218 1882 3453 1953 fuerint,
3500 1886 3794 1941 adversum

2188 1975 2308 2030 illos
2338 1976 2542 2030 bellum
2591 1977 2914 2045 parabamus
2935 2018 2951 2043 ,
2977 1990 3031 2031 et
3060 1980 3158 2030 hos
3176 1978 3289 2046 jam
3317 1976 3504 2033 hostes
3541 1977 3798 2048 patieba-

2188 2084 2345 2123 mur:
2375 2084 2603 2138 quorum
2636 2070 2801 2139 igitur
2824 2084 2946 2124 cum
2977 2068 3237 2125 Romanis
3274 2080 3524 2139 suspecta
3574 2069 3749 2140 gratia
3770 2070 3796 2123 τ

2186 2176 2375 2218 eorum
2424 2165 2517 2235 qui
2571 2164 2850 2221 Romanos
2898 2164 3211 2230 vindicant,
3242 2180 3312 2219 an
3341 2181 3533 2220 eorum
3563 2167 3654 2236 qui
3687 2165 3795 2219 Ro-

2187 2271 2377 2312 manos
2406 2257 2722 2328 repellunt?
2762 2256 3031 2313 Graviora
3065 2259 3180 2311 haec
3210 2270 3361 2312 certe
3405 2257 3597 2322 nobis,
3629 2272 3790 2325 quam

2185 2350 2558 2406 Romanorum
2603 2352 2823 2421 pr.elia:
2865 2352 2935 2407 ab
2964 2352 3068 2407 illis
3090 2352 3235 2406 enim
3266 2364 3363 2420 pro
3394 2350 3649 2406 libertate
3675 2367 3792 2405 mo—

2184 2445 2386 2507 rimur,
2416 2446 2484 2499 ab
2510 2444 2629 2501 istis
2653 2446 2807 2515 quasi
2858 2460 2959 2517 pro
3006 2445 3216 2500 scelere
3241 2445 3578 2515 jttgttlantur.
3608 2445 3790 2502 Simuo

2188 2533 2368 2591 lantur
2390 2537 2595 2593 innoxii
2623 2538 2914 2594 criminum
2941 2538 3263 2608 proditionis
3282 2578 3297 2603 ,
3321 2547 3376 2592 et
3400 2549 3522 2608 post
3547 2547 3783 2592 mortem

2184 2628 2454 2685 calumnia
2496 2631 2876 2701 componitur:
2920 2644 3041 2686 cum
3072 2631 3309 2700 cognitio
3334 2644 3546 2699 ptenatn
3578 2645 3783 2699 pracve-

2185 2719 2305 2776 nire
2326 2722 2532 2787 soleat,
2564 2738 2670 2778 non
2702 2737 2857 2793 paena
2885 2723 3279 2791 cognitionem.
3314 2720 3452 2788 Quid
3482 2722 3627 2776 enim
3661 2736 3788 2792 pro-

2185 2810 2304 2867 deSI
2329 2812 2586 2869 defuncto
2612 2814 2852 2881 absolvi,
2880 2830 3003 2871 cunt
3030 2814 3233 2883 judicio
3260 2816 3368 2882 jam
3390 2815 3525 2871 nihil
3548 2814 3787 2869 debeat?

2185 2906 2534 2977 Suscepimus
2563 2916 2743 2962 tamen
2772 2907 2933 2962 etiam
2965 2919 3169 2963 sortem
3202 2906 3508 2977 ltnjusmodi
3530 2948 3546 2974 ,
3576 2921 3635 2962 ut
3664 2915 3790 2977 post

2186 3012 2377 3055 necem
2423 3000 2491 3055 de
2545 2998 2856 3055 innocentia
2900 3009 3206 3069 quaeratur:
3246 3007 3303 3055 et
3352 3000 3585 3055 libenter
3643 2998 3785 3069 apud

2187 3110 2282 3150 νος
2306 3109 2522 3165 qunque
2547 3108 2771 3148 causam
2827 3093 3040 3164 agimus
3071 3101 3271 3147 nostrm
3296 3091 3789 3162 defunctorutnqne

482 3196 610 3241 tur:
660 3203 782 3243 cum
815 3190 1122 3258 oportuerit
1170 3204 1265 3245 eos
1312 3192 1464 3259 prius
1512 3190 1901 3260 disceptatores
1958 3204 2081 3245 esse
2107 3206 2152 3271 ρ
2186 3186 2512 3257 integritatis
2537 3227 2551 3251 ,
2584 3187 2678 3256 qui
2719 3186 2875 3241 statis
2920 3185 3117 3240 armati
3146 3200 3243 3256 pro
3290 3184 3663 3239 adversariis:
3711 3184 3787 3239 ita

482 3283 856 3351 negotiorum,
905 3298 1066 3353 quant
1110 3282 1380 3338 bellorum
1430 3285 1810 3353 praeliatores:
1865 3291 1922 3339 et
1969 3298 2081 3352 prta

486 3374 700 3427 muti-ris
731 3377 919 3429 merita
947 3390 1308 3446 cognoscere,
1344 3391 1506 3446 quam
1555 3392 1704 3432 arma
1732 3392 1987 3434 sumere:
2029 3385 2087 3433 et

477 3479 631 3518 arma
659 3465 946 3521 adversum
979 3470 1126 3524 viros
1152 3470 1238 3524 sui
1283 3471 1538 3540 generis,
1578 3472 1660 3526 sui
1709 3472 1886 3528 cultus
1907 3514 1921 3539 ,
1970 3489 2081 3527 sua:

479 3556 852 3615 solemnitatis
885 3561 1047 3616 nullis
1094 3562 1328 3631 amplius
1357 3563 1651 3635 irrogatqu
1679 3564 1892 3635 injuriae
1919 3580 2079 3634 quam

482 3647 758 3719 ldumatis,
805 3653 900 3724 qui
944 3655 1009 3709 ad
1061 3657 1380 3711 societatem
1414 3656 1741 3728 ﬂagitiorum
1803 3667 1910 3714 tam
1959 3675 2083 3730 gra-

477 3744 623 3799 vium
678 3749 1107 3805 concitarentur.
1137 3750 1277 3819 Quid
1308 3752 1455 3808 enim
1507 3754 1654 3809 aliud
1709 3754 1777 3810 ab
1826 3754 1941 3823 his,
1978 3756 2082 3812 nisi

479 3839 832 3907 parricidium
863 3842 1153 3899 adversum
1183 3860 1367 3913 cives,
1420 3848 1765 3919 sacrilegium
1817 3849 2085 3909 adversus

478 3934 742 4003 templum
773 3936 1209 4006 deposceretur?
1241 3956 1346 3995 non
1378 3943 1558 3999 solere
1600 3944 1811 4001 diversa
1844 3949 1986 4002 inter
2024 3963 2085 4003 se

476 4026 687 4091 studia,
742 4029 1098 4101 diversosque
1168 4048 1346 4088 mores
1402 4037 1719 4093 convenire.
1775 4038 2085 4094 Situilitndo

482 4118 628 4174 enim
655 4135 863 4175 morum
892 4121 1019 4178 facit
1045 4124 1378 4181 voluntatum
1401 4130 1716 4185 societatem
1738 4172 1754 4197 ,
1785 4144 1837 4186 et
1859 4143 2085 4203 cognata

481 4212 660 4266 studia
693 4214 795 4268 sibi
824 4217 1013 4271 nectit.
1044 4218 1417 4289 Nequissimos
1445 4222 1695 4279 homines
1742 4226 1831 4294 qui
1865 4226 2086 4281 latroci-

485 4303 579 4357 nio
600 4315 872 4373 sumptum
896 4321 1217 4365 exercerent
1241 4325 1421 4378 suum,
1447 4330 1734 4386 arrogasse
1747 4317 1849 4373 sibi
1878 4328 1937 4373 ut
1962 4318 2086 4375 Idn-

481 4409 650 4451 tnteos
675 4397 777 4451 sibi
814 4399 992 4454 socios
1021 4415 1409 4461 accerserent:
1466 4413 1676 4462 tantum
1723 4408 2085 4469 abhorrentes

480 4488 551 4542 ab
578 4503 767 4545 eorum
797 4495 1103 4563 proposito,
1127 4512 1155 4549 a
1186 4498 1384 4568 quibus
1410 4511 1737 4572 rogarentur
1756 4545 1771 4568 ,
1799 4511 1857 4559 ut
1887 4504 1962 4559 illi
1991 4521 2085 4576 pa-

2187 3280 2335 3336 nulla
2363 3288 2677 3348 argumenta
2704 3278 3158 3334 calumniantibus
3184 3284 3509 3347 suppetunt,
3545 3284 3604 3330 ttt
3644 3276 3788 3347 apud

2188 3391 2283 3430 vos
2327 3390 2541 3445 quoque
2584 3374 2897 3444 graviorem
2943 3388 3162 3427 causam
3220 3372 3485 3438 habeant,
3535 3376 3629 3442 qui
3676 3382 3788 3427 tam

2185 3471 2296 3527 cito
2324 3469 2676 3527 credidistis:
2707 3470 2880 3526 bonus
2910 3466 3245 3538 enimjndex
3271 3468 3694 3534 circutitseptum
3728 3482 3792 3523 se

2183 3579 2306 3619 esse
2362 3562 2661 3620 mendaciis
2699 3562 2884 3625 dolet,
2918 3572 2972 3616 et
3014 3576 3080 3616 eo
3122 3571 3202 3616 est
3258 3558 3461 3615 fallenti
3509 3558 3789 3625 infestior,

2186 3675 2345 3731 quam
2376 3657 2706 3728 appetitior,
2767 3667 2790 3695 ο
2832 3656 2975 3727 quod
3007 3664 3212 3711 temere
3258 3670 3317 3709 se
3355 3655 3680 3727 impulsum,
3732 3668 3794 3711 ut

2186 3754 2339 3809 falsis
2366 3752 2650 3816 crederet,
2684 3749 3059 3806 ulciscendum
3082 3750 3399 3805 arbitratur.
3433 3748 3604 3820 Igitur
3632 3748 3793 3805 nobis

2188 3846 2455 3916 integrum
2510 3858 2743 3899 examen
2788 3852 3039 3910 servate,
3082 3851 3139 3896 et
3179 3840 3418 3911 colligite
3464 3843 3791 3906 veritatem,

2189 3956 2295 3994 non
2324 3954 2392 3994 ex
2415 3939 2739 3995 contexione
2768 3937 3057 3993 verborum
3082 3978 3097 4002 ,
3126 3934 3221 3991 sed
3249 3950 3313 3992 ex
3347 3936 3488 3991 serie
3543 3939 3793 4007 negotio-

2187 4047 2328 4087 rntn.
2360 4032 2541 4087 Primo
2572 4032 2848 4097 omnium,
2870 4044 2969 4084 cur
2994 4028 3253 4084 Romanis
3292 4029 3652 4099 pt'odcretuus
3699 4047 3792 4101 pa-

2190 4125 2345 4178 triam
2357 4166 2371 4189 ,
2385 4140 2519 4194 quos
2537 4123 2806 4193 potuimus
2820 4131 2991 4178 etnon
3011 4122 3303 4188 lacessere,
3323 4135 3375 4177 et
3393 4120 3533 4177 forte
3548 4125 3794 4194 oportuit

2189 4218 2305 4274 fieri
2325 4260 2340 4286 ,
2374 4229 2431 4273 ut
2460 4235 2565 4272 nott
2593 4218 2958 4274 excitat'emus
2988 4217 3367 4272 universarum
3396 4216 3633 4273 victores
3657 4234 3792 4288 gett-

2190 4312 2353 4367 tiunt:
2381 4309 2475 4365 sed
2511 4310 2613 4366 hoc
2640 4319 2852 4365 nonest
2871 4309 2980 4379 jam
3027 4309 3373 4379 praesentiunt
3409 4312 3643 4381 partium
3690 4313 3791 4368 dc-

2190 4401 2785 4471 liberare.‘Superinris
2809 4399 2913 4457 fuit
2943 4403 3205 4471 temporis
3230 4401 3464 4472 eligere,
3515 4402 3646 4473 quid
3696 4418 3790 4459 se-

2188 4510 2521 4566 queremur:
2564 4508 2711 4550 nunc
2738 4500 2953 4564 oportet
2990 4509 3088 4564 pro
3121 4492 3366 4549 libertate
3409 4495 3788 4551 occumbere:

480 4581 602 4636 tria:
628 4597 741 4637 sua:
771 4584 967 4640 bellum
994 4587 1315 4655 intulerint;
1349 4607 1444 4647 vos
1475 4608 1605 4648 vero
1635 4594 2042 4652 obsecraverint
2063 4640 2077 4664 ,

2190 4595 2413 4659 praestat
2437 4587 2583 4643 enim
2617 4601 2714 4656 pro
2748 4587 2917 4656 patria
2947 4586 3105 4641 mori.
3135 4586 3486 4642 Commodius
3527 4587 3628 4642 fuit
3664 4598 3793 4646 ante

482 4674 635 4743 quasi
667 4675 900 4732 alienant
933 4680 1119 4736 urbem
1146 4682 1434 4741 defensum
1482 4688 1689 4744 venire.
1736 4688 1884 4744 Nihil
1932 4689 2083 4745 vobis

482 4784 776 4827 commune
797 4775 1035 4829 innoxiis
1057 4791 1181 4832 cunt
1207 4780 1556 4847 praedonibus
1583 4799 1597 4836 :
1631 4782 1761 4837 nihil
1790 4797 2084 4840 commune

479 4864 681 4920 sobriis
723 4880 844 4922 cum
869 4882 929 4923 se
952 4869 1387 4930 inebriantibus.
1440 4876 1754 4946 utinamque
1798 4878 1906 4932 vini
1937 4888 2084 4934 esset

479 4954 572 5009 illa
607 4957 882 5027 ebrietas,
910 4971 963 5016 et
993 4977 1101 5016 non
1130 4961 1348 5019 furoris.
1380 4965 1483 5034 Qui
1514 4966 1602 5021 ubi
1626 4982 1685 5022 se
1730 4967 1947 5040 ﬂagitiis
1994 4971 2080 5026 in-

477 5050 849 5120 gurgitarunt,
882 5054 1202 5127 dissipando
1227 5059 1479 5129 proprias
1508 5061 1920 5130 successiones,
1948 5063 2084 5119 diri-

478 5143 636 5213 piunt
665 5144 880 5213 aliena;
912 5156 967 5204 et
994 5151 1136 5204 tnale
1165 5163 1316 5220 parta
1366 5154 1600 5224 nequius
1646 5154 1943 5226 dissipant,
1985 5156 2083 5213 de-

478 5239 653 5293 terius
681 5239 989 5297 effundunt.
1022 5244 1213 5301 Nullus
1246 5246 1491 5317 rapiendi
1538 5249 1696 5309 ﬂuis.
1726 5251 1849 5319 quia
1898 5251 2079 5305 nullus

478 5329 841 5399 abliguriendi
866 5335 1080 5391 modus.
1110 5336 1213 5393 Ubi
1241 5353 1303 5394 se
1332 5340 1456 5394 vino
1480 5339 1776 5396 lnfnderint
1797 5351 1855 5398 et
1878 5342 2076 5414 imple-

477 5422 658 5477 verint
682 5425 979 5491 ebrietate,
1016 5429 1355 5495 publicorum
1384 5442 1633 5489 eructant
1661 5435 1938 5504 crapulam
1986 5449 2081 5491 ue-

474 5516 747 5584 gntiornm
767 5557 783 5582 ,
812 5526 871 5574 ut
898 5529 1089 5574 nostro
1118 5539 1307 5578 rursus
1329 5526 1593 5595 sanguine
1619 5525 1998 5593 ittebrientnr,
2028 5536 2083 5581 et

476 5620 649 5662 sacra:
682 5609 912 5665 illudant
956 5613 1239 5682 religioni.
1296 5633 1416 5688 qua:
1459 5618 1617 5675 vobis
1659 5634 1875 5690 semper
1911 5634 2081 5674 vene-

561 5710 719 5802 “:
756 5714 945 5802 bellum
972 5718 1275 5802 inuoluta":
1309 5723 1503 5796 latere,
1557 5729 1776 5797 insidias
1819 5721 2081 5802 Ραναυῖδεο

481 5775 724 5853 Attalium
761 5784 1015 5859 Romanis
1037 5834 1056 5864 ,
1086 5775 1404 5855 etcaBAtttt.

2189 4682 2391 4737 bellum
2422 4696 2610 4751 paceni
2644 4681 2808 4736 morti
2831 4678 3089 4752 prchcrrc
3123 4680 3260 4734 :sed
3305 4679 3433 4749 quia
3476 4679 3683 4737 bellum
3738 4683 3790 4739 in

2187 4774 2524 4842 cervicibus,
2557 4774 2710 4828 multi
2739 4776 2849 4843 jant
2894 4772 3169 4828 fratribus.
3197 4773 3370 4842 capti,
3418 4773 3509 4828 alii
3568 4777 3789 4841 necati,

2184 4868 2309 4923 aliis
2338 4868 2495 4923 dolor
2534 4884 2599 4922 ex
2650 4867 2910 4932 mortuis,
2942 4865 3180 4937 gemitus
3223 4879 3290 4921 ex
3341 4866 3637 4923 revinctis:
3689 4869 3792 4923 eli-

2187 4962 2365 5034 genda
2408 4964 2581 5033 magis
2612 4960 2782 5016 libera
2814 4976 3000 5025 mors,
3054 4975 3215 5029 quam
3263 4957 3373 5013 vita
3429 4961 3788 5031 captivitatis.

2187 5055 2443 5128 Suppetit
2493 5064 2671 5110 tamen
2728 5054 3044 5116 morituris,
3094 5049 3219 5105 falsi
3266 5050 3511 5107 criminis
3566 5052 3792 5109 abolere

2191 5150 2469 5205 infantiam
2519 5147 2863 5220 proditionis.
2916 5144 3075 5216 Apud
3107 5160 3222 5209 vos,
3254 5143 3504 5210 lduntmi,
3564 5160 3787 5200 causam

2183 5243 2436 5313 agimus:
2483 5240 2781 5310 prodantur
2820 5239 3062 5301 conscii,
3091 5236 3430 5291 deducantur
3460 5238 3509 5291 in
3543 5238 3788 5294 medium

2183 5337 2498 5393 nuntiorum
2560 5335 2906 5404 interpretes.
2962 5332 3018 5387 Si
3082 5340 3304 5396 tenent,
3364 5330 3611 5386 vindices
3666 5347 3790 5401 pro—

2183 5431 2315 5487 dant
2346 5449 2359 5485 :
2388 5429 2434 5485 si
2466 5444 2574 5484 non
2605 5437 2791 5483 tenent
2827 5426 2921 5498 qui
2947 5434 3205 5481 accusant
3227 5465 3241 5487 ,
3265 5434 3321 5479 et
3362 5424 3519 5478 vanis
3562 5424 3788 5480 insimu-

2182 5526 2295 5581 lant
2319 5524 2722 5595 suspicionibus
2749 5538 2883 5595 quas
2926 5522 3029 5592 ipsi
3060 5520 3161 5576 sibi
3189 5522 3606 5589 compoSneriut
3632 5563 3647 5587 ,
3683 5537 3786 5576 non

2181 5619 2386 5675 debent
2424 5633 2696 5690 arguere,
2727 5615 2869 5688 quod
2922 5630 3031 5671 non
3091 5624 3314 5686 possunt
3361 5614 3618 5684 probare.
3680 5614 3786 5674 Sed

2259 5719 2287 5761 δ
2327 5720 2668 5796 frte-propere
2703 5717 2982 5796 noluimus:
3017 5711 3093 5769 In.

2263 5803 2285 5834 ο
2318 5784 2601 5861 ϐυθιὶιιθὶ.
2633 5794 2764 5867 legit
2785 5802 2909 5864 quo.
2933 5784 3209 5849 GALLAND.
