3964 6318
140 326 302 385 2109

1063 326 1333 383 HISTOR.
1376 324 1467 380 DE
1512 321 1790 381 EXCIDIO
1829 322 2101 382 HIEROS.
2145 321 2345 380 URBlS
2382 321 2514 378 LIB.
2558 321 2649 379 lV.

3329 320 3473 381 illo

145 446 282 514 quia
312 458 574 500 accusare
606 456 713 499 non
744 441 981 508 audent,
1013 439 1281 509 dissipare
1324 455 1418 509 per
1448 439 1639 509 vulgus
1668 436 1764 493 de-
1788 440 1841 500 Α
1868 437 2171 509 patiantur,
2202 434 2420 507 quando
2464 450 2566 490 nos
2603 450 2752 491 arma
2778 435 3033 507 jubemur
3074 437 3347 508 deponere
3374 456 3386 491 :
3415 449 3470 497 et

147 538 438 594 siderant:
479 546 536 592 et
565 536 692 592 ideo
721 535 786 591 ad
817 534 1020 592 bellum
1065 534 1390 605 prosiliunt,
1425 548 1492 588 ne
1533 533 1590 587 in
1614 530 1761 602 judi-

149 629 306 687 cium
333 637 619 685 vocentur.
671 628 729 684 ln
762 628 907 684 bello
937 630 1080 683 enim
1122 635 1415 682 contentus
1461 626 1609 680 furor
1653 641 1761 690 εει,

153 727 212 781 in
248 741 385 796 pace
449 723 694 780 veritatis
723 722 1078 779 examinatio.
1133 719 1444 776 Adsumus:
1476 736 1543 774 en
1577 719 1764 788 primis

150 818 445 890 suppliciis
466 832 566 873 nos
596 815 882 887 spontanei
904 814 1186 870 oll'erimus
1207 854 1222 879 ,
1269 813 1313 868 si
1345 822 1523 869 tamen
1568 811 1764 881 aliquis

153 922 452 970 accusator
482 911 701 982 prodeat
730 926 746 976 ;
776 918 869 965 aut
899 910 944 964 si
993 909 1047 963 in
1091 907 1349 978 populum
1399 905 1602 961 invidia
1658 913 1763 960 tor.

153 1018 392 1078 quetur,
442 1004 670 1075 quaerite
707 1001 1020 1073 diligentius
1067 1000 1194 1070 qttid
1245 998 1463 1054 consilii
1501 997 1661 1052 fuerit
1708 998 1761 1052 in

154 1113 304 1155 cmtu
338 1097 574 1169 publico.
607 1094 803 1150 Nonne
850 1102 907 1148 ut
937 1092 1082 1148 bello
1131 1091 1397 1146 instructa
1440 1097 1763 1160 pararentur

156 1191 377 1263 agmina
399 1231 415 1257 ,
448 1197 541 1243 aut
569 1203 669 1259 pro
696 1186 949 1241 libertate
976 1183 1346 1253 unusquisque
1399 1181 1626 1251 patriam
1668 1180 1761 1251 ju-

157 1282 359 1339 varet?
400 1280 679 1336 Adversus
709 1279 856 1350 ipsos
886 1286 1038 1333 certe
1065 1277 1309 1331 latrones
1336 1274 1464 1345 quid
1496 1274 1764 1329 delibera-

160 1386 274 1432 tum
308 1375 514 1437 fuerat,
545 1373 648 1427 nisi
678 1380 737 1427 ut
765 1384 869 1443 pax
917 1369 1281 1426 conveniret?
1330 1368 1764 1439 Exasperaverat

161 1469 437 1540 publicam
490 1466 918 1536 indignationem
966 1462 1124 1518 dolor
1167 1461 1540 1532 singulorum,
1605 1459 1765 1514 inno-

161 1560 402 1616 centium
438 1558 688 1629 sanguis,
740 1557 1025 1612 mulierum
1078 1553 1348 1626 gemitus,
1410 1563 1759 1622 paternorum

161 1661 492 1711 statutorum
548 1650 922 1722 przevaricatio
969 1667 982 1703 :
1042 1648 1309 1719 increpuit
1351 1646 1583 1719 gemitus
1644 1646 1764 1701 uni-

163 1763 446 1805 versorum
472 1789 486 1813 ,
532 1748 659 1814 quia
693 1744 1064 1814 unusiptisque
1088 1742 1191 1796 sibi
1241 1740 1441 1796 similia
1478 1738 1761 1810 pertimes-

162 1840 342 1898 cebat.
392 1840 471 1895 Ad
513 1837 921 1909 indignissimos
983 1833 1288 1891 sacerdotia
1346 1831 1758 1898 deferebantur,
1791 1829 1838 1890 B

165 1934 274 2003 peti
294 1942 583 2004 eruperunt
605 1930 864 1994 vocibus;
899 1927 981 1983 illi
1005 1926 1271 1996 lapidibus
1296 1925 1505 1995 plebem
1527 1922 1762 1990 caedere,

166 2029 286 2084 telis
317 2041 552 2091 necare;
582 2024 787 2080 exarsit
813 2020 1060 2091 publicus
1087 2019 1286 2074 dolor:
1332 2018 1409 2073 illi
1459 2017 1513 2072 in
1561 2016 1765 2085 templo

162 2122 438 2178 latronum
501 2119 848 2189 receptacula
904 2115 1326 2171 coiistituerunt.
1361 2112 1550 2181 Itaque
1615 2110 1764 2181 pacis

164 2216 321 2271 locus
366 2213 695 2270 reverendus
749 2211 913 2266 etiam
969 2208 1258 2280 gentibus,
1317 2214 1372 2261 et
1420 2205 1762 2261 domicilium

163 2305 467 2362 sanctitatis
516 2305 715 2358 factum
761 2312 843 2357 est
886 2299 1200 2372 praedonum
1226 2296 1678 2361 conciliabulum;
1710 2303 1766 2351 et

162 2413 271 2469 quo
300 2413 366 2453 ex
395 2397 648 2452 omnibus
675 2405 943 2450 terrarum
984 2392 1231 2462 partibus
1275 2389 1650 2445 continebatur
1695 2387 1763 2444 ad

163 2490 368 2545 cultum
404 2489 557 2544 festa)
585 2487 919 2543 celebritatis
943 2527 957 2552 ,
992 2484 1065 2540 ibi
1094 2499 1240 2539 nunc
1261 2482 1472 2538 stabula
1513 2481 1761 2553 quaedam

165 2583 398 2640 ferarum
420 2593 583 2649 sunt,
609 2583 845 2637 humano
884 2595 1080 2636 cruore
1108 2578 1417 2633 madentia:
1450 2578 1579 2633 licet
1607 2574 1765 2630 nobis

163 2677 283 2732 hanc
313 2693 601 2746 quazrere,
650 2676 734 2732 vel
763 2673 989 2731 armatis
1028 2673 1147 2728 sine
1199 2671 1509 2742 lege‘belli.
1556 2668 1762 2725 Tamen

161 2770 262 2828 fuit
298 2772 616 2843 plerumque
638 2771 780 2825 inter
811 2782 961 2823 arma
984 2767 1248 2838 judicium
1274 2806 1288 2829 ,
1321 2774 1376 2820 et
1400 2765 1613 2834 justitia
1660 2764 1761 2819 de-

162 2866 345 2934 posuit
376 2864 504 2919 belli
529 2866 886 2920 instrumenta
907 2904 923 2930 ,
948 2861 1286 2933 compescuit
1320 2861 1505 2915 turbas
1538 2859 1763 2929 {Equita—

162 2959 234 3012 tis
262 2957 552 3015 sententia.
589 2958 820 3013 Potestis
849 2958 963 3011 haec
987 2970 1139 3010 arma
1165 2953 1234 3009 ad
1269 2953 1643 3009 defensionem
1671 2968 1763 3008 ur-

160 3049 247 3105 bis
272 3061 626 3115 convertere,
658 3064 778 3119 quze
823 3046 1134 3116 sumpsisnis
1164 3045 1231 3099 ad
1259 3045 1621 3101 eversionem.
1671 3044 1764 3099 Li-

162 3150 251 3196 cet
294 3141 458 3197 etiam
505 3141 736 3196 introire
763 3140 881 3194 sine
907 3138 1105 3203 armis,
1134 3136 1325 3192 audire
1352 3146 1406 3192 et
1455 3136 1759 3207 percontari

1868 532 2129 589 credibile
2154 546 2279 588 esse
2308 539 2490 603 potest
2515 573 2530 598 ,
2563 530 2706 601 quod
2738 545 2929 586 eorum
2961 541 3309 601 exspectetur
3335 547 3466 588 seu-

1870 625 2034 681 tentia
2061 666 2076 691 ,
2110 636 2339 694 quorum
2370 630 2621 693 suspecta
2648 631 2733 677 est
2773 621 2949 678 fides?
2980 622 3323 680 Festinenius
3369 625 3471 680 ita-

1865 734 1972 790 que
2017 716 2233 786 eripere
2283 715 2537 783 elausos,
2586 714 2787 783 quibus
2839 715 3100 784 templum
3151 731 3341 772 carcer
3388 727 3472 775 est

1866 815 2089 880 factum,
2127 828 2194 868 ne
2223 823 2509 868 serventur
2549 827 2719 883 usque
2760 813 2828 868 ad
2869 813 3161 869 adventum
3193 814 3469 870 exercitus

1869 908 2091 963 liomani
2119 949 2133 973 ,
2168 916 2222 961 et
2273 905 2471 975 captivi
2518 906 2801 961 tradantur
2829 906 3184 975 VeSpasiano.
3230 906 3463 961 Aufera-

1865 1016 1986 1056 nius
2014 1015 2042 1052 a
2077 999 2281 1069 templo
2318 997 2656 1053 obsidionem
2679 1037 2696 1064 ,
2727 997 2982 1052 custodes
3037 998 3344 1053 teterrimos
3375 1013 3464 1053 re-

1866 1109 2215 1159 moveamus,
2246 1092 2337 1163 qui
2369 1092 2639 1147 neminem
2670 1091 2758 1146 vel
2804 1091 2872 1146 ad
2905 1090 3236 1161 purgandam
3282 1091 3463 1146 alvum

1864 1188 2051 1260 egredi
2079 1188 2284 1242 sinunt.
2316 1185 2373 1241 Si
2403 1185 2529 1256 quis
2559 1184 2847 1240 introferre
2878 1184 3055 1239 cibum
3086 1183 3289 1239 clausis
3315 1182 3465 1238 desi-

1863 1284 2050 1348 derat,
2094 1282 2410 1353 prohibetur
2437 1298 2451 1336 :
2482 1280 2527 1334 si
2553 1280 2673 1348 quis
2713 1280 2898 1345 exire,
2931 1278 2996 1333 ad
3036 1286 3266 1335 mortem
3308 1279 3457 1350 rapi~

1866 1387 1990 1433 tur:
2022 1376 2226 1433 crimen
2258 1374 2458 1429 factum
2485 1384 2568 1429 est
2594 1374 2772 1430 cultus
2804 1373 3101 1444 religionis.

2489 1466 2719 1523 CAPUT
2759 1466 2853 1522 IX.

1935 1565 2063 1621 Haec
2092 1562 2319 1619 audiens
2346 1560 2511 1618 cessit
2538 1569 2566 1598 τι
2592 1560 2859 1627 Joannes,
2890 1558 3247 1615 considerans
3271 1558 3465 1614 adver-

1863 1674 1921 1715 sa
1958 1658 2049 1714 Dei
2083 1656 2359 1711 voluntate
2388 1653 2586 1708 frustra
2618 1667 2740 1709 sese
2777 1651 2946 1707 obniti
2973 1669 2987 1705 :
3017 1650 3462 1722 quandoquidem

1864 1753 2011 1809 domi
2045 1749 2283 1821 forisque
2309 1748 2525 1804 hostilia
2556 1754 2864 1816 streperent
2886 1746 3098 1816 agmina
3122 1786 3137 1810 ,
3168 1753 3223 1799 et
3246 1745 3462 1813 gemina

1868 1862 1932 1902 ex
1966 1855 2118 1916 parte
2163 1842 2355 1898 civitas
2398 1849 2824 1910 eppngnaretur.
2867 1836 3197 1892 Fremebant
3244 1834 3464 1891 ldumari

1867 1938 2011 2010 quod
2051 1934 2490 1991 excluderentur.
2524 1930 2971 1987 Machinabantur
2999 1930 3052 1984 in
3096 1928 3297 1999 templo
3337 1928 3464 1996 siti,

1868 2032 2140 2105 quomodo
2161 2032 2523 2101 jungerentur
2548 2026 2818 2082 ldumeis:
2850 2025 2952 2080 hos
2990 2025 3219 2094 angebat
3253 2032 3429 2076 metus
3449 2060 3466 2087 ,

1868 2140 1938 2185 ne
1967 2127 2187 2184 Idumaei
2218 2134 2344 2179 ante
2382 2122 2636 2177 eﬂ‘ectum
2666 2120 2879 2175 abirent
2912 2136 2925 2173 :
2959 2118 3068 2174 illis
3110 2116 3471 2184 extorquebat

1869 2221 2040 2293 pudor
2068 2217 2402 2289 propositum
2433 2213 2797 2285 regrediendi.
2842 2213 2910 2267 Et
2942 2212 3056 2281 jam
3104 2225 3245 2281 pene
3272 2209 3470 2279 obrep—

1866 2325 2013 2373 serat
2057 2311 2355 2369 difﬁdentia
2382 2353 2396 2378 ,
2429 2325 2553 2365 cum
2590 2307 2771 2363 subito
2803 2317 2964 2362 nocte
3008 2306 3180 2362 oritur
3228 2304 3464 2375 procella

1868 2406 2256 2473 intolerabilis,
2288 2413 2583 2474 tempestas
2612 2411 2726 2457 atra
2747 2445 2761 2466 ,
2790 2400 3028 2456 fremunt
3059 2399 3235 2463 venti,
3265 2397 3464 2452 cadum

1866 2500 2238 2561 inhorrescit,
2282 2497 2365 2552 vis
2406 2495 2660 2551 imbrium
2711 2494 2877 2547 multa
2925 2490 2954 2530 ιι
2985 2490 3317 2555 infunditur,
3355 2498 3465 2543 ter-

1866 2595 2054 2652 ribiles
2090 2590 2498 2649 coruscationes
2520 2630 2533 2653 ,
2568 2587 2802 2641 tonitrua
2855 2584 3111 2639 immania
3136 2626 3152 2649 ,
3195 2591 3462 2649 terrarum

1866 2690 2139 2762 mugitus,
2173 2696 2231 2742 ut
2264 2687 2399 2740 solvi
2433 2681 2667 2737 mundus
2698 2681 3079 2735 aestimaretur.
3109 2676 3241 2746 Quis
3271 2673 3465 2730 crede-

1865 2793 1948 2838 ret
1996 2782 2116 2852 plus
2161 2780 2413 2835 nocuisse
2452 2775 2593 2832 istud
2646 2774 2786 2828 intra
2826 2771 3017 2827 urbem
3050 2770 3272 2839 positis,
3302 2782 3463 2839 quam

1865 2892 2018 2937 extra
2051 2876 2241 2933 urbem
2280 2869 2642 2943 degentibus?
2670 2885 2792 2924 eum
2825 2867 3011 2937 utique
3054 2864 3109 2919 bi
3157 2863 3314 2918 tectis
3345 2877 3467 2915 mu-

1866 2974 1962 3029 niti
1995 2973 2210 3037 forent,
2241 2968 2320 3024 illi
2361 2964 2559 3036 objecti
2587 2964 2653 3018 ad
2688 2962 2931 3018 imbres:
2965 2958 3061 3014 sed
3098 2956 3333 3027 amplius
3360 2964 3471 3009 ter-

1865 3068 1971 3123 ruit
2003 3063 2212 3137 injuriae
2245 3072 2420 3117 metus
2443 3102 2457 3125 ,
2488 3074 2648 3130 quam
2687 3059 2801 3127 ipsa
2851 3053 3071 3125 injuria.
3121 3050 3363 3119 Denique
3390 3047 3468 3102 illi

1865 3161 1955 3231 qui
2004 3158 2147 3213 nulla
2188 3155 2459 3211 habebant
2505 3151 2709 3219 refugia
2758 3157 3062 3211 tectorum,
3111 3142 3318 3215 clypeis
3346 3154 3469 3196 sese

157 3236 343 3291 0mm"
371 3253 385 3289 ³
414 3235 458 3290 εί
486 3235 628 3305 ⁴1¹¹⁰ί¹
665 3233 954 3289 remissum
985 3230 1247 3323 advers“?
1288 3229 1501 3285 ¹¹⁰⁵ι⁰³¹¹
1552 3229 1763 3298 rel'eri'
1789 3220 1835 3285 θ’
1869 3220 2121 3323 tegebant
2167 3257 2449 3303 manentes
2495 3247 2547 3299 in
2593 3242 2775 3298 officio
2798 3283 2813 3305 ,
2854 3254 2955 3295 nec
2990 3236 3335 3293 dilabentes:
3379 3231 3467 3287 isti

166 3327 267 3392 tis,
320 3327 687 3397 proditionem
746 3333 951 3394 putate.
1006 3324 1161 3390 Quod
1196 3321 1243 3377 si
1292 3337 1470 3393 neque
1522 3322 1762 3379 vindices

159 3438 262 3477 vos
284 3463 298 3487 ,
331 3437 505 3492 neque
535 3421 772 3477 arbitros
795 3420 1055 3476 exhibere
1081 3418 1263 3485 vultis,
1295 3416 1422 3488 quid
1455 3418 1761 3484 miramini,

158 3518 207 3573 si
243 3525 410 3587 porta:
440 3518 669 3572 armatis
694 3531 804 3570 nun
843 3513 1207 3585 aperiuntur?
1234 3511 1351 3567 Non
1400 3511 1521 3567 istae
1571 3511 1764 3567 adver-

159 3623 284 3663 sum
309 3616 603 3679 cognatos,
642 3605 739 3662 sed
770 3604 1033 3661 adversus
1060 3618 1212 3658 arma
1234 3602 1434 3659 clausa:
1464 3612 1612 3658 sunt.
1641 3602 1764 3657 Bel-

159 3701 273 3756 lum
296 3699 583 3770 deponite,
612 3708 669 3756 et
697 3710 867 3770 portae
896 3697 1177 3769 patebunt.

763 3791 998 3850 CAPUT
1053 3789 1189 3847 Vill.

236 3887 362 3943 Haec
393 3886 481 3943 ubi
511 3885 824 3943 sacerdotes
855 3884 1019 3940 locuti
1051 3892 1215 3950 sunt,
1245 3890 1300 3939 et
1330 3881 1567 3938 maxime
1603 3880 1762 3938 Jesus

156 3980 376 4039 caeteris
418 3980 639 4047 senior,
682 3987 806 4051 post
849 3976 1100 4034 Ananum
1146 3985 1330 4032 tamen
1379 3975 1469 4045 qui
1518 3974 1763 4030 secundo

155 4076 285 4130 loco
322 4072 645 4143 fungebatur
665 4115 680 4139 ,
711 4070 1117 4142 indignantibus
1156 4067 1410 4124 ldumaais
1433 4108 1449 4132 ,
1477 4065 1621 4138 quod
1653 4082 1761 4122 non

155 4169 422 4225 continuo
454 4167 585 4223 urbe
621 4165 832 4236 recepti
872 4164 1085 4220 forent:
1120 4162 1306 4219 Simon
1337 4176 1475 4216 unus
1502 4160 1573 4215 de
1610 4159 1764 4215 duci-

160 4262 263 4317 bus
288 4261 644 4316 ldummorum
672 4276 685 4312 :
718 4257 941 4315 Minime
962 4298 976 4322 ,
1012 4256 1223 4327 inquit,
1267 4255 1462 4310 tnirum
1486 4296 1502 4320 ,
1534 4252 1581 4309 si
1610 4251 1762 4309 cives

157 4357 392 4409 saeviunt
414 4395 430 4420 ,
466 4362 521 4408 et
561 4351 776 4406 clausos
809 4358 996 4405 tenent
1020 4348 1113 4420 qui
1145 4347 1353 4402 nationi
1382 4346 1546 4401 socia:
1576 4354 1761 4417 portas

155 4447 409 4502 clausere
435 4487 447 4508 ,
484 4453 542 4500 et
580 4459 685 4498 non
740 4441 1017 4512 patiuntur
1054 4449 1338 4496 consortes
1366 4446 1425 4494 et
1465 4437 1762 4509 participes

153 4554 289 4595 suos
334 4536 543 4609 ingredi
578 4555 591 4590 :
634 4535 792 4592 nobis
821 4534 889 4590 de
937 4547 1091 4589 muro
1123 4532 1456 4603 loquuntur,
1499 4539 1557 4586 et
1602 4530 1757 4601 quasi

152 4633 501 4689 adversarios
539 4629 709 4685 muris
740 4627 1010 4697 repellunt
1041 4639 1176 4696 quos
1212 4625 1416 4680 amicos
1459 4623 1754 4677 habebant.

155 4727 293 4797 Quis
317 4725 529 4781 dubitet
557 4722 699 4794 quod
733 4732 922 4794 parent
960 4721 1239 4788 suscipere
1266 4717 1537 4773 Rotnanos
1563 4727 1617 4772 et
1643 4717 1759 4773 for-

156 4832 214 4878 te
259 4833 521 4875 coronare
554 4827 734 4888 portas
761 4857 775 4881 ,
806 4814 1021 4887 quando
1060 4814 1136 4869 illi
1176 4813 1598 4884 ingredientur?
1636 4828 1759 4883 qua:

157 4916 335 4987 major
380 4914 619 4985 injuria?
664 4911 860 4967 Patere
910 4923 1108 4978 nempe
1160 4906 1414 4962 omnibus
1447 4906 1759 4961 hominibus

156 5009 263 5064 ista
294 5007 484 5062 civitas
522 5005 664 5060 Solet
689 5018 850 5060 causa
882 5002 1059 5058 cultus
1089 5010 1145 5056 et
1170 5000 1531 5056 observantia:
1557 5017 1570 5053 :
1603 5000 1759 5056 nobis

154 5100 291 5156 solis
318 5097 695 5155 intercluditur
715 5139 730 5165 ,
760 5094 914 5167 quasi
945 5094 1225 5156 hostibus,
1268 5093 1368 5147 soli
1408 5092 1722 5149 abdicamur
1744 5134 1758 5158 ,

156 5193 261 5249 soli
308 5192 643 5262 repellimur.
690 5188 964 5245 Sitnulant
997 5202 1057 5241 se
1102 5195 1346 5240 nostrum
1389 5195 1574 5255 petere
1616 5185 1764 5256 judi-

152 5284 337 5349 ‘cinm,
366 5295 504 5357 quos
536 5296 603 5337 ne
631 5280 816 5335 limine
841 5278 1061 5349 quidem
1089 5277 1280 5348 dignos
1303 5277 1451 5331 urbis
1484 5286 1760 5346 putarunt.

157 5375 387 5430 Lateant
411 5387 535 5443 quae
562 5372 850 5426 adversum
884 5369 1008 5424 illos
1034 5381 1322 5440 gesserunt
1348 5387 1360 5422 :
1394 5379 1594 5424 nostra:
1626 5368 1767 5439 inju-

157 5469 256 5524 rite
287 5477 456 5526 testes
484 5474 543 5524 et
566 5466 781 5539 judices
807 5478 1018 5520 sumus.
1051 5463 1398 5520 Advenimus
1424 5463 1556 5534 quid
1593 5462 1766 5519 clausi

236 5661 262 5689 δ
290 5649 429 5707 Cod.
455 5658 565 5704 vet.
590 5645 776 5711 Iesus,
800 5650 859 5699 ut
882 5656 1003 5712 cap.
1030 5640 1267 5713 praeced.
1290 5654 1345 5699 et
1374 5641 1646 5715 Iosephus
1669 5644 1763 5700 lib.

159 5740 213 5782 tv
237 5766 251 5786 ,
281 5737 405 5790 cap.
434 5722 486 5776 7.
518 5721 685 5776 ΒΑιιιι.

239 5795 267 5840 ι)
303 5793 629 5879 Eﬂ'unditttr.
657 5791 732 5869 lp.

1862 3346 2013 3402 circa
2041 3345 2231 3399 domos
2254 3356 2380 3395 suas
2405 3340 2633 3410 quisque
2657 3334 2927 3405 dispersi,
2959 3334 3135 3388 locum
3165 3329 3427 3385 dederunt
3451 3368 3465 3393 ,

1866 3446 1925 3493 ut
1952 3437 2022 3493 ab
2051 3436 2136 3489 his
2162 3434 2251 3504 qui
2282 3434 2420 3487 intra
2467 3430 2727 3500 templum
2758 3432 2917 3482 erant
2939 3466 2953 3489 ,
2984 3432 3154 3495 portu:
3183 3420 3465 3491 aperiren-

1867 3541 1972 3587 tur.
2006 3531 2222 3597 Anceps
2250 3526 2429 3581 tanien
2458 3530 2515 3579 et
2543 3521 2760 3576 diversa
2805 3517 2989 3590 populi
3032 3513 3326 3571 sententia.
3364 3512 3470 3568 Alii

1867 3625 2034 3680 Deum
2067 3633 2336 3683 summum
2382 3616 2752 3687 indignantem
2799 3610 3088 3675 Idumaeis,
3121 3613 3468 3677 tempestates

1865 3717 2101 3772 movisse
2148 3710 2596 3773 arbitrabantur,
2644 3705 2789 3777 quod
2842 3705 3131 3759 adversum
3179 3700 3473 3771 participes

1864 3824 1993 3865 suos
2042 3806 2235 3862 armati
2282 3811 2582 3858 venerant:
2624 3798 2847 3853 Ananus
2876 3807 2931 3851 et
2980 3793 3329 3866 profundiora
3379 3806 3467 3846 se-

1864 3904 2080 3959 niorum
2114 3897 2323 3968 ingenia
2348 3936 2363 3961 ,
2412 3890 2789 3962 conjectabant
2822 3887 3088 3943 Idumaeos
3137 3884 3332 3954 injuria
3382 3882 3465 3935 sui

1862 3995 2097 4063 amplius
2123 3990 2350 4047 excitari
2374 3989 2424 4042 in
2451 3991 2725 4042 sociorum
2752 3981 3070 4053 perniciem.
3092 3978 3331 4048 Denique
3359 3976 3468 4031 sol-

1865 4087 2062 4143 licitior
2090 4084 2306 4139 caeteris
2338 4079 2618 4143 noctibus,
2651 4079 2875 4133 Ananus
2902 4074 2989 4129 illa
3019 4083 3180 4128 nocte
3208 4087 3314 4125 non
3347 4069 3467 4124 fati-

1862 4178 2083 4252 gatione
2129 4174 2376 4246 corporis
2401 4214 2415 4241 ,
2457 4171 2554 4226 sed
2594 4169 2761 4225 animi
2808 4168 2978 4239 magis
3015 4165 3406 4235 desperatione
3442 4172 3465 4202 ο

1864 4273 2078 4329 solutus
2098 4312 2112 4338 ,
2144 4267 2312 4325 cessit
2338 4266 2505 4323 rebus
2535 4264 2824 4319 adversum
2854 4278 2912 4317 se
2944 4259 3332 4315 ﬂuctuantibus
3353 4298 3368 4323 ,
3414 4265 3469 4312 et

1866 4363 2226 4422 militantibus
2282 4364 2336 4417 in
2383 4360 2655 4417 excidium
2706 4372 2863 4413 suum
2918 4355 3103 4410 mundi
3156 4354 3408 4424 procellis
3452 4368 3466 4406 :

1866 4474 1965 4516 nec
1992 4456 2308 4514 revisemlas
2338 4456 2545 4524 putavit
2570 4450 2849 4507 custodias
2871 4488 2886 4515 ,
2916 4447 3069 4518 quasi
3099 4446 3256 4500 daret
3280 4453 3471 4499 aucto-

1865 4552 2080 4608 ritatem
2107 4546 2382 4604 dilabendi
2400 4588 2417 4613 ,
2446 4560 2553 4615 quo
2575 4545 2775 4614 cuique
2802 4550 2950 4597 esset
2979 4539 3268 4595 sententia.
3294 4537 3467 4604 Quam

1864 4644 2210 4701 occasionem
2256 4639 2402 4695 nacti
2429 4637 2524 4709 qui
2563 4638 2614 4691 in
2647 4634 2909 4705 templum
2952 4631 3299 4702 refugerant,
3347 4644 3470 4683 sur-

1865 4746 2057 4810 gentes
2086 4741 2383 4790 secuerunt
2426 4740 2614 4787 vectes
2658 4740 2961 4801 portarum.
3006 4727 3346 4795 Coopcratus
3385 4730 3473 4777 est

1868 4832 1973 4887 illis
2006 4831 2187 4899 fragor
2215 4827 2337 4882 eteli
2360 4869 2374 4891 ,
2408 4834 2467 4880 ut
2517 4834 2762 4879 serarum
2796 4835 2964 4876 sonus
2996 4833 3103 4873 non
3147 4816 3464 4882 audiretur,

1865 4934 1921 4982 et
1951 4923 2217 4979 tumultus
2242 4920 2662 4993 egredientium.
2691 4916 2901 4972 Deinde
2932 4913 3212 4970 venientes
3242 4910 3309 4965 ad
3351 4925 3473 4990 mtt-

1868 5032 1987 5073 rum
2007 5060 2022 5085 ,
2057 5027 2271 5088 portam
2301 5026 2423 5085 qua:
2454 5012 2635 5067 vicina
2663 5019 2783 5065 erat
2811 5007 3168 5063 Idumaeorum
3201 5002 3468 5067 cmtibus,

1868 5125 2207 5168 reseravere.
2240 5107 2474 5165 Ultimus
2506 5104 2598 5160 ille
2633 5103 2750 5158 dies
2786 5102 3042 5155 universo
3084 5097 3288 5168 populo
3335 5094 3471 5150 fuis-

1865 5220 1945 5263 set
1976 5247 1992 5272 ,
2028 5205 2073 5259 si
2106 5219 2211 5259 non
2243 5202 2308 5257 ad
2339 5200 2598 5271 templum
2630 5198 2779 5267 prius
2818 5209 2979 5265 quam
3023 5192 3175 5247 urbis
3198 5187 3224 5228 ά
3252 5190 3471 5259 signum

1869 5299 2212 5372 dirigendum
2248 5303 2549 5367 putassent.
2576 5291 2683 5349 Sed
2710 5290 2835 5361 quia
2867 5295 3179 5343 metuentes
3204 5284 3341 5349 sibi,
3375 5282 3470 5354 qui

1870 5394 2008 5448 intra
2043 5390 2305 5460 templum
2353 5386 2527 5445 clausi
2581 5384 2947 5445 tenebantur,
2996 5395 3065 5435 ne
3112 5377 3333 5446 cognito
3384 5380 3469 5430 in-

1868 5497 2055 5557 gressu
2087 5482 2448 5537 ldumaeorum
2472 5520 2487 5545 ,
2516 5478 2570 5532 in
2612 5476 2761 5546 ipsos
2788 5471 3133 5529 circumfusa:
3166 5467 3339 5538 plebis
3372 5468 3472 5522 ima

1950 5656 1971 5684 ο
2005 5642 2304 5700 Resolutus.
2336 5644 2412 5699 In.

1955 5716 1981 5757 ἀ
2023 5717 2233 5775 Sinam.
2264 5720 2353 5775 Al.
2382 5721 2427 5776 si
2456 5735 2558 5776 non
2601 5715 2671 5771 ad
2701 5712 2948 5788 templum
2978 5709 3277 5787 priusquam
3306 5706 3363 5765 in
3393 5722 3483 5765 ur~

1878 5790 1991 5858 hem
2029 5791 2269 5867 signum,
2300 5800 2406 5867 etc.
2442 5791 2517 5849 In.
