3964 6316
530 279 666 336 2111

1835 286 2082 346 SANCTI
2120 289 2444 350 AMBROSH

3707 297 3843 353 2112

530 400 690 464 petua
721 392 876 449 fieret
897 435 912 460 ,
946 402 1004 450 ttt
1029 393 1320 451 vindictam
1351 396 1604 452 morituri
1635 409 2000 470 exposceret,
2047 417 2132 458 ro-
2161 406 2212 466 A
2239 414 2326 462 tus
2349 416 2406 464 et
2433 410 2680 469 amabilis
2707 431 2718 467 :
2747 413 2920 486 Niger
2949 414 3214 480 Pereites,
3244 415 3334 487 qui
3363 415 3506 471 inter
3535 429 3843 487 propugna-

528 498 822 560 gaverunt,
851 498 907 544 ut
935 488 1035 559 ipsi
1065 490 1316 560 primitus
1339 498 1364 528 α
1392 490 1535 548 cladi
1561 492 1973 551 eximerentur:
2003 503 2132 553 tunc

531 589 720 651 postea
766 581 1009 636 liberatis
1045 581 1208 651 ipsis,
1239 591 1294 638 et
1333 583 1638 654 conjunctis
1668 587 1908 657 viribus,
1945 588 1998 643 in
2033 605 2130 658 po-

531 674 716 743 pulum
747 671 1178 729 eﬂ'uudercntur.
1225 675 1507 733 Deilexere
1543 679 1608 733 ad
1641 694 1737 735 eos
1785 680 1875 752 qui
1923 682 2132 753 legatos

531 764 1029 820 miserautoratum
1061 765 1261 822 auxilia
1305 769 1502 837 saluti,
1532 771 1696 828 simul
1740 784 1798 830 ut
1842 775 2132 846 insperata:

532 872 749 914 merces
779 858 1099 929 irruptionis
1120 901 1134 926 ,
1162 862 1476 918 auctoribus
1506 866 1625 934 ejus
1653 866 1754 922 hoc
1785 883 2009 925 munere
2035 884 2133 940 po-

531 951 803 1008 tissimum
850 953 1236 1023 rependerent.
1281 955 1435 1023 Quod
1482 957 1567 1014 ubi
1603 961 1871 1030 processit
1899 978 1968 1018 ex
2007 978 2132 1019 sen-

528 1051 698 1106 tentia
724 1093 739 1117 ,
767 1051 929 1106 simul
959 1066 1151 1108 omnes
1179 1067 1208 1106 a
1248 1055 1453 1126 templo
1483 1058 1637 1126 quasi
1667 1057 1904 1128 quodam
1952 1068 2133 1116 castro

529 1144 688 1201 effusi
716 1188 730 1211 ,
778 1154 1000 1202 extenta
1045 1147 1161 1204 acie
1208 1163 1581 1221 quoscumque
1632 1163 1957 1223 repererant
2001 1154 2131 1210 dor-

534 1237 768 1293 mientes
792 1238 930 1293 alios
949 1279 964 1304 ,
998 1240 1318 1308 perterritos
1345 1242 1512 1310 alios,
1545 1244 1672 1299 totis
1702 1245 1987 1302 caedebant
2008 1247 2129 1304 viis.

533 1329 676 1386 Nihil
704 1331 1004 1402 proderant
1037 1349 1258 1403 preces,
1293 1334 1423 1391 nihil
1462 1336 1716 1406 lacryma:
1745 1381 1760 1405 ,
1793 1340 1868 1394 nil
1901 1341 2133 1414 insignia

534 1425 763 1480 honoris
784 1468 799 1492 ,
830 1425 1100 1481 nullorum
1137 1427 1453 1484 meritorum
1477 1431 1671 1500 gratia,
1714 1447 1906 1488 omnes
1931 1435 2130 1505 passim

527 1519 939 1591 jugulabantur.
982 1521 1228 1593 Denique
1254 1523 1504 1580 videntes
1533 1525 1814 1581 bestialem
1860 1527 1913 1582 iu
1948 1543 2130 1598 perse-

531 1613 822 1684 quentibus
852 1614 1247 1670 immanitatem
1268 1658 1282 1682 ,
1313 1617 1459 1686 quod
1491 1617 1624 1673 nulli
1655 1630 2002 1688 parceretur,
2030 1622 2131 1692 ipsi

534 1719 656 1760 sese
684 1706 1020 1776 illaquebant
1051 1708 1449 1765 miserabiliorc
1474 1710 1558 1782 (ut
1584 1711 1714 1766 mihi
1744 1712 1980 1783 videtur)
2014 1716 2132 1771 exi-

2237 511 2382 558 tores
2408 502 2610 560 Iudaea:
2639 506 2706 562 ad
2737 509 2989 564 tuendam
3023 509 3105 565 rei
3135 524 3399 565 summam
3430 511 3607 566 fuerat
3637 511 3843 566 electus

2237 595 2468 652 bellator
2497 599 2579 654 vir
2599 643 2611 666 ,
2646 610 2702 657 ut
2728 602 2890 658 etiam
2921 604 3205 660 vulnerum
3247 604 3596 660 cicatricibus
3627 603 3842 659 virtutis

2235 689 2466 762 insignia
2495 694 2777 762 praeferret
2803 738 2817 762 ,
2860 698 3065 767 rapitur
3113 698 3180 752 ad
3229 705 3461 753 mortem
3491 716 3503 751 :
3535 706 3594 753 et
3630 713 3760 752 cum
3790 711 3842 755 se

2236 797 2386 845 extra
2421 790 2608 845 urbem
2631 790 2754 846 duci
2781 792 3024 860 videret,
3055 808 3162 848 non
3184 793 3294 863 jatn
3325 808 3422 864 pro
3448 793 3556 847 vita
3578 835 3593 858 ,
3624 792 3728 847 sed
3752 807 3841 862 pro

2235 883 2511 952 sepultura
2538 886 2703 954 cmpit
2730 901 2943 955 rogare.
2972 887 3048 941 Ac
3072 903 3140 942 ne
3169 885 3330 957 hujus
3357 886 3576 958 quidem
3604 893 3720 940 tam
3750 886 3841 941 mi-

2236 974 2484 1030 serabilis
2512 976 2786 1045 petitionis
2810 993 3127 1048 responsum
3150 977 3357 1048 accepit
3382 979 3722 1033 conveniens
3748 979 3840 1034 mi-

2236 1067 2565 1122 sericordiae.
2599 1067 2967 1140 Fingebautur
2994 1071 3321 1126 calumniae:
3364 1071 3410 1126 si
3438 1071 3560 1142 quis
3588 1085 3654 1127 se
3702 1071 3841 1125 redi-

2239 1160 2416 1216 luebat
2442 1201 2457 1228 ,
2491 1161 2753 1218 innocens
2780 1173 2900 1219 erat
2926 1181 2938 1218 :
2965 1164 3057 1235 qui
3088 1180 3194 1219 non
3224 1163 3487 1220 offerebat
3517 1165 3836 1234 pecuniam,

2238 1261 2511 1324 tamquam
2543 1267 2671 1308 reus
2697 1253 3014 1310 feriebatur.

2850 1347 3078 1406 CAPUT
3116 1349 3212 1405 XI.

2310 1440 2444 1495 Dum
2477 1439 2594 1496 lta-c
2634 1441 3024 1515 Hierosolymis
3054 1455 3322 1516 aguntur,
3351 1445 3723 1516 Vespasianus
3755 1448 3834 1502 in-

2238 1541 2384 1588 terea
2416 1543 2598 1604 partes
2629 1535 2763 1592 alias
2791 1538 2971 1607 gentis
3011 1537 3214 1592 Judmae
3243 1538 3568 1594 debellabat.
3642 1539 3835 1596 Perve~

2237 1628 2320 1683 nit
2361 1629 2426 1684 ad
2469 1645 2592 1686 eum
2616 1672 2629 1696 ,
2675 1646 2795 1702 qua:
2824 1632 3018 1687 seditio
3049 1640 3196 1688 esset
3242 1632 3669 1705 Hierosolymis,
3703 1649 3834 1706 quas

2237 1722 2554 1780 domesticis
2581 1725 2786 1796 praeliis
2816 1741 2978 1781 neces
3003 1725 3104 1781 sibi
3129 1725 3229 1796 ipsi
3257 1725 3645 1797 irrogavissent
3668 1770 3684 1794 ,
3717 1742 3834 1798 qua:

533 1806 623 1865 tu,
649 1813 810 1870 quam
839 1800 885 1854 si
916 1800 984 1854 ab
1013 1800 1170 1857 hoste
1201 1803 1639 1871 perimerentur:
1670 1807 1796 1877 quia
1826 1809 2132 1866 voluntaria
2162 1799 2209 1860 B
2239 1816 2500 1886 supplicia
2533 1817 2728 1872 civium
2756 1827 2942 1874 exacta
2973 1834 3001 1872 a
3025 1819 3234 1875 civibus
3260 1837 3272 1872 :
3306 1819 3515 1875 hortari
3549 1821 3831 1890 plerique,

535 1904 683 1945 mors
724 1892 1046 1948 immanitati
1078 1896 1367 1952 ascribitur
1392 1939 1406 1963 ,
1439 1896 1688 1954 informis
1733 1899 1912 1968 laquei
1955 1903 2133 1961 nodus

535 1984 700 2040 etiam
748 1986 946 2054 probro
977 1987 1159 2044 datur.
1204 1989 1312 2046 Sed
1351 1991 1476 2061 quis
1522 1993 1754 2049 consilio
1799 1994 1990 2062 locus,
2042 1997 2132 2053 ubi

535 2083 721 2132 tantus
777 2089 898 2134 erat
955 2090 1131 2137 metus
1186 2083 1622 2154 suppliciorum,
1681 2100 1803 2142 cum
1867 2099 2134 2148 metueret

537 2173 910 2244 unusquisque
943 2191 1049 2231 non
1078 2187 1308 2234 mortem
1335 2222 1350 2248 ,
1383 2181 1478 2236 sed
1509 2184 1784 2239 cruciatus
1812 2195 1940 2241 ante
1982 2202 2130 2243 mor-

533 2274 642 2320 tem
665 2305 678 2329 ,
706 2265 902 2335 quibus
929 2283 1076 2324 mors
1113 2271 1358 2328 remedio
1385 2273 1562 2330 foret?
1593 2275 1953 2333 Redundabat
1976 2277 2004 2316 ι)
2035 2296 2134 2335 tm-

533 2356 696 2429 dique
723 2361 981 2430 sanguis,
1013 2371 1067 2418 et
1097 2365 1335 2422 maxime
1380 2366 1525 2423 circa
1569 2370 1831 2439 templum
1859 2390 1872 2426 :
1903 2373 2026 2441 quia
2059 2374 2133 2431 ibi

531 2454 845 2524 congregati
875 2463 1062 2523 erant,
1095 2458 1186 2527 qui
1219 2459 1436 2514 clausos
1465 2462 1866 2520 custodiebant.
1895 2465 2130 2537 Reperta

533 2543 713 2616 itaque
745 2545 840 2599 illo
887 2547 978 2602 die
1008 2563 1277 2606 ctesorum
1327 2561 1452 2608 octo
1481 2555 1650 2610 millia
1695 2557 1974 2628 quingenti
2009 2560 2128 2615 viri.

528 2633 660 2691 lude
697 2638 948 2695 conversi
1001 2641 1068 2696 ad
1116 2643 1350 2713 urbem,
1397 2647 1538 2702 sicut
1577 2663 1796 2720 gregem
1843 2651 2130 2721 quemdam

531 2743 788 2798 pecorum
810 2773 825 2796 ,
853 2732 925 2786 ita
960 2732 1212 2791 homines
1231 2780 1244 2801 ,
1277 2754 1646 2811 quoscumque
1661 2742 1849 2798 obvios
1870 2743 2126 2812 habuere,

537 2819 946 2878 interimebant.
1000 2825 1132 2880 Erat
1182 2828 1495 2887 miserabile
1546 2835 1956 2904 spectaculum,
1992 2837 2130 2894 intra

530 2913 722 2969 urbem
745 2916 1000 2973 omnibus
1021 2929 1147 2974 ante
1173 2926 1569 2993 reverendam,
1606 2928 1808 2984 bellum
1832 2931 1979 3000 geri,
2013 2947 2132 3002 per-

529 3007 725 3062 niciem
760 3007 1016 3078 injustam
1050 3017 1376 3084 pauperibus
1402 3034 1465 3074 ac
1492 3020 1765 3077 debilibus
1794 3024 2006 3080 inferri.
2033 3025 2132 3085 Sa-

530 3113 600 3154 ne
623 3101 852 3170 juvenes
881 3118 945 3160 ac
976 3106 1267 3164 validiores
1291 3110 1342 3164 in
1374 3127 1650 3169 carcerem
1674 3117 2126 3187 rctrudebantur,

530 3207 668 3262 quos
691 3193 911 3251 factioni
945 3197 1167 3256 idoneos
1196 3203 1637 3272 arbitrabantur;
1670 3209 1765 3264 sed
1800 3225 1992 3282 magna
2022 3214 2125 3268 vir-
2159 3193 2204 3257 Ο

532 3295 647 3341 tute
673 3287 914 3360 plerique
935 3293 1115 3347 omnia
1138 3297 1399 3365 supplicia
1429 3299 1704 3357 malebant
1725 3303 1940 3371 subire,
1969 3321 2130 3376 quam

533 3387 590 3432 ut
613 3378 838 3446 perditis
865 3383 1346 3444 sociarentur.Nec
1379 3390 1572 3446 modus
1590 3405 1705 3449 erat
1723 3395 1890 3461 ullus,
1909 3413 2009 3454 nec
2037 3413 2133 3469 pu-

535 3466 635 3521 dor
667 3487 678 3523 :
704 3470 774 3523 ita
809 3471 1218 3533 furebatrabies
1248 3480 1764 3542 immanitatis.Post
1795 3489 1882 3544 ubi
1911 3466 2133 3548 defuere

535 3559 636 3614 visi
654 3575 912 3630 processu
939 3569 1426 3638 temporis,causas
1442 3575 1544 3630 sibi
1567 3577 1828 3634 simulare
1851 3594 2134 3650 coeperunt

538 3652 1000 3724 perimendorum,
1035 3675 1144 3730 quo
1186 3662 1253 3717 ad
1281 3663 1486 3734 judicia
1529 3682 1656 3723 reos
1707 3670 1992 3739 ducerent,
2026 3690 2132 3730 non

538 3756 596 3802 ut
625 3750 1354 3824 requirereturjustitia.sed
1384 3769 1441 3814 ut
1459 3761 1757 3819 crudelitas
1781 3765 2130 3824 excitaretur.

1145 3849 1375 3907 CAPUT
1414 3851 1489 3907 X.

609 3932 737 3988 Erat
764 3936 818 3990 in
858 3935 1082 3995 civitate
1115 3939 1404 3999 Zacharias
1428 3985 1444 4012 ,
1482 3945 1574 4016 qui
1595 3945 1805 4004 odisset
1833 3948 2132 4020 improbos,

535 4040 636 4081 nec
677 4041 736 4082 se
783 4030 1038 4086 misceret
1084 4032 1366 4103 ﬂagitiOsis
1392 4077 1407 4103 ,
1453 4037 1614 4094 dives
1656 4055 1859 4111 opum,
1907 4059 2133 4114 quarum

534 4117 610 4171 illi
660 4117 1089 4190 abundantiam,
1140 4126 1222 4179 vel
1272 4127 1339 4182 ad
1390 4129 1795 4190 dissolvendam
1844 4136 2135 4194 factionem

534 4222 687 4264 suam
733 4211 1008 4270 efficacem
1054 4219 1452 4290 opinabantur,
1495 4225 1582 4280 vel
1623 4225 1690 4282 ad
1747 4229 1984 4298 praedam
2031 4231 2134 4288 sibi

533 4301 801 4357 uberem:
846 4303 988 4362 hunc
1035 4309 1357 4378 proditionis
1405 4314 1635 4372 crimine
1677 4329 1698 4356 ο
1744 4321 2135 4379 accersendum

532 4403 809 4464 putarunt.
835 4397 905 4452 At
934 4399 1023 4456 ille
1061 4401 1130 4457 ab
1160 4402 1466 4472 hujusrnodi
1515 4408 1720 4480 integer
1762 4413 2094 4470 conscientia
2119 4457 2133 4478 ,

531 4488 724 4545 adesse
755 4490 858 4546 sibi
904 4494 1070 4565 erepit
1114 4510 1236 4551 eum
1273 4498 1555 4566 libertate,
1582 4511 1642 4558 ut
1687 4519 1795 4560 non
1835 4505 2012 4562 solum
2055 4507 2136 4562 di-

531 4581 705 4638 lueret
741 4585 951 4654 objecta
973 4629 988 4653 ,
1011 4603 1197 4644 verum
1233 4591 1395 4647 etiam
1427 4609 1554 4650 reos
1581 4595 1728 4666 ipsos
1775 4599 2130 4656 maximorum
2161 4573 2212 4634 Ῑ)

525 4687 797 4734 astrueret
825 4681 1149 4752 ﬂagitiorum
1179 4702 1190 4738 :
1220 4687 1360 4754 apud
1378 4689 1717 4760 septuaginta
1744 4691 1891 4748 viros
1917 4693 2133 4750 diceba-

533 4781 623 4826 tur
662 4775 962 4844 negotium.
997 4776 1298 4833 Absolvunt
1343 4794 1569 4849 omnes,
1604 4783 1729 4852 quia
1767 4783 1943 4852 nihil,
1990 4785 2134 4857 quod

531 4866 694 4921 affine
725 4879 871 4924 esset
898 4869 1128 4936 sceleri,
1161 4871 1556 4941 proferebatur.
1581 4873 1780 4931 Verum
1814 4877 1890 4932 illi
1923 4879 2136 4934 irruen-

533 4966 614 5012 tes
635 5000 649 5022 ,
681 4969 735 5014 et
764 4959 938 5028 ipsum
969 4962 1308 5032 praecipitant
1335 4967 1385 5020 in
1415 4967 1741 5036 profundum
1761 5012 1776 5036 ,
1823 4981 1877 5026 et
1922 4980 2134 5041 pertur-

533 5051 662 5107 bant
684 5053 926 5124 judices,
954 5072 1058 5112 non
1088 5060 1263 5113 solum
1291 5075 1411 5115 cum
1445 5061 1671 5132 injuria,
1705 5064 1800 5120 sed
1823 5065 1985 5121 etiam
2009 5081 2131 5122 cum

534 5145 814 5214 periculo:
846 5156 906 5201 ut
932 5163 1119 5203 eorum
1152 5153 1408 5222 exemplo
1436 5155 1619 5210 caeteri
1653 5156 1706 5211 in
1747 5157 2011 5228 reliquum
2041 5175 2132 5214 ca-

530 5245 759 5302 verent,
808 5242 1171 5296 consmntiam
1225 5243 1278 5297 in
1322 5242 1619 5313 judicando
1668 5247 1895 5304 adversa
1940 5265 2128 5306 eorum

530 5327 810 5384 voluntate
838 5344 1137 5388 assumere.
1176 5333 1380 5391 Rursus
1413 5345 1590 5394 tamen
1625 5354 1692 5395 ne
1729 5341 1851 5411 quis
1877 5341 2128 5398 absolve-

527 5430 706 5488 retur,
738 5421 840 5492 ipsi
867 5422 1068 5480 irarum
1095 5439 1316 5481 suarum
1347 5438 1728 5498 exsecutores,
1751 5447 1888 5504 quos
1916 5432 2128 5490 libitum

527 5521 645 5568 erat
670 5554 684 5581 ,
717 5514 835 5570 sine
854 5515 1062 5587 judicio
1091 5519 1375 5576 necabant.
1405 5518 1596 5579 Caesus
1617 5523 1872 5597 Gorgon,
1900 5526 1981 5581 vir
2005 5541 2128 5599 gra-

529 5686 541 5713 ι
597 5669 858 5744 figluusi.
892 5674 1066 5732 BARR.
1107 5720 1112 5726 .
1162 5730 1171 5742 χ
1223 5722 1230 5731 ,
1761 5738 1764 5744 4

597 5740 628 5845 ξ
661 5740 970 5868 Si
996 5740 1363 5871 moﬁdcnique
1385 5765 1484 5822 pro
1499 5752 1690 5822 itaque.
1715 5740 1793 5808 In.

949 5833 1053 5870 um.
1150 5857 1162 5870 .

2239 1919 2297 1964 ut
2327 1925 2393 1965 co
2423 1922 2708 1982 pergeret,
2748 1928 2816 1968 ne
2851 1913 2980 1984 quid
3013 1914 3285 1984 triumpho
3333 1914 3584 1973 Romano
3630 1924 3685 1972 et
3728 1930 3833 1970 sua:

2235 2003 2421 2073 gloria:
2452 2003 2858 2075 decerperetttr.
2891 2007 3076 2076 At‘ille
3121 2008 3434 2064 moderatus
3478 2019 3535 2066 et
3577 2010 3833 2082 providus

2238 2095 2354 2162 vir,
2387 2097 2475 2167 qui
2525 2097 2714 2153 nonid
2755 2098 2898 2169 quod
2944 2115 3014 2154 ex
3067 2116 3165 2156 usu
3227 2101 3373 2173 vulgi
3423 2103 3830 2158 accommodum

2237 2181 2262 2222 ἀ
2292 2189 2629 2244 existimaret
2655 2231 2669 2254 ,
2704 2191 2797 2246 sed
2827 2194 2969 2262 quod
3019 2192 3212 2248 altiore
3241 2194 3472 2250 consilio
3499 2195 3578 2250 rei
3611 2211 3832 2250 summa:

2236 2283 2542 2339 conducere
2567 2283 2925 2341 arbitraretur
2943 2329 2959 2352 ,
2993 2285 3198 2343 referre
3230 2288 3321 2342 illa
3345 2288 3698 2344 suadentibus
3724 2304 3833 2344 coa-

2237 2378 2355 2448 pit:
2388 2377 2505 2432 Non
2551 2392 2770 2450 semper
2818 2381 3020 2451 pm'liis
3061 2381 3238 2452 juvari
3281 2383 3706 2455 rempublicam,
3739 2383 3830 2438 sed

2237 2470 2554 2543 plerumque
2583 2473 2744 2528 ctiam
2772 2474 2938 2529 armis
2963 2474 3229 2545 depositis
3255 2476 3469 2532 laudem
3514 2477 3689 2548 parari
3717 2519 3734 2544 ,
3780 2487 3832 2532 et

2237 2563 2478 2618 debitum
2515 2565 2699 2634 patriae
2729 2566 2887 2621 solvi.
2917 2566 3056 2635 Quid
3087 2567 3316 2624 interest
3341 2609 3358 2636 ,
3403 2570 3676 2640 quomodo
3715 2571 3832 2624 vin-

2235 2667 2391 2710 catur
2421 2655 2593 2711 hostis
2613 2699 2627 2722 ,
2669 2669 2930 2714 nostroue
2959 2675 3025 2714 an
3056 2677 3154 2716 suo
3193 2661 3376 2716 ferro?
3406 2662 3509 2716 nisi
3565 2661 3704 2733 quod
3733 2677 3832 2718 suo

2235 2751 2354 2807 sine
2393 2751 2634 2808 Romana
2686 2754 2886 2809 invidia
2928 2757 3307 2826 prosternitur.
3342 2755 3456 2811 Non
3508 2756 3652 2811 enim
3704 2771 3831 2824 pos-

2236 2853 2361 2898 sunt
2399 2843 2467 2900 de
2501 2845 2654 2900 nobis
2679 2848 2870 2916 queri,
2925 2863 3046 2903 cum
3088 2864 3147 2905 se
3176 2845 3277 2920 ipsi
3317 2850 3830 2905 consauciaverint:

2235 2936 2393 2992 simul
2425 2952 2586 3008 quam
2612 2939 2755 3007 justa
2789 2940 2943 2995 nobis
2972 2941 3112 2997 bella
3151 2943 3458 3007 moverint,
3486 2943 3791 3015 significant
3815 2986 3832 3013 ,

2233 3030 2452 3102 quando
2497 3047 2597 3087 nec
2636 3032 2741 3104 ipsi
2787 3034 2889 3090 sibi
2937 3045 3205 3105 parcunt:
3243 3035 3537 3092 vindictam
3584 3037 3724 3094 hanc
3766 3038 3836 3094 de

2233 3123 2375 3180 coelo
2405 3123 2606 3193 videri,
2636 3136 2696 3180 ttt
2727 3126 2911 3182 furore
2935 3128 3208 3184 insaniant
3232 3130 3324 3201 qui
3353 3131 3625 3187 Romanos
3657 3131 3834 3189 laces-

2235 3218 2483 3278 siverint.
2521 3219 2628 3276 Sed
2657 3222 2702 3276 si
2729 3223 2848 3292 quis
2876 3221 3125 3294 derogari
3153 3223 3353 3294 aliquid
3397 3225 3588 3295 gloriae
3636 3235 3837 3282 nostra:

2236 3314 2473 3381 asserit,
2529 3327 2821 3386 cognoscat
2877 3319 3294 3387 praeponderare
3338 3334 3485 3388 saepe
3537 3318 3836 3374 remedium

2235 3421 2358 3461 cum
2391 3407 2641 3474 silentio,
2669 3424 2828 3478 quam
2863 3410 3104 3480 prmlium
3131 3426 3252 3465 cum
3295 3412 3553 3481 periculo.
3589 3411 3838 3481 Denique

2237 3511 2425 3556 noster
2450 3500 2713 3556 Maximus
2743 3504 3051 3560 cunctando
3077 3504 3246 3574 magis
3285 3503 3442 3575 fregit
3470 3503 3797 3561 Annibalem
3821 3546 3836 3570 ,

2235 3610 2396 3666 quam
2423 3596 2737 3666 prteliaudo.
2767 3597 2880 3652 Etsi
2906 3597 3188 3669 Scipiones
3210 3598 3539 3669 subegerunt
3563 3597 3834 3666 Africam,

2237 3695 2418 3742 tamen
2470 3689 2776 3745 communis
2827 3689 3095 3746 bellorum
3141 3705 3264 3746 cum
3321 3691 3507 3746 multis
3561 3691 3834 3747 victoria:

2237 3777 2475 3834 Maximo
2503 3779 2603 3834 soli
2627 3780 2810 3836 datum
2830 3824 2845 3848 ,
2871 3782 3015 3852 quod
3041 3781 3347 3838 cunctando
3371 3783 3676 3839 restituerit
3698 3799 3836 3838 rem-

2238 3870 2530 3941 publicam.
2563 3872 2688 3928 Plus
2722 3874 2904 3944 itaque
2934 3885 3018 3930 est
3045 3889 3290 3929 servasse
3328 3873 3632 3929 Romanum
3665 3875 3837 3946 impe-

2237 3964 2374 4019 rium
2405 3980 2564 4034 quam
2598 3980 2944 4036 prepagasse.
2970 3965 3269 4038 A‘Jquemus
3296 3975 3477 4022 tamen
3511 3967 3704 4023 merita
3729 3969 3833 4022 vir«

2238 4065 2432 4112 tutum.
2482 4058 2600 4114 Non
2647 4061 2857 4115 minora
2891 4063 3072 4131 utique
3099 4063 3152 4115 in
3194 4061 3311 4132 ipso
3361 4061 3504 4116 bello
3555 4063 3834 4133 sapientia:

2237 4164 2543 4207 commenta
2571 4163 2695 4209 sunt
2721 4194 2735 4220 ,
2769 4170 2927 4224 quam
2953 4155 3181 4226 insignia
3221 4155 3575 4212 fortitudinis.
3603 4157 3833 4213 Pereant

2238 4260 2369 4315 ergo
2415 4248 2527 4302 suis
2556 4249 2735 4316 armis
2769 4266 2781 4302 :
2817 4249 2947 4304 nihil
2969 4259 3006 4320 δε
3041 4250 3215 4306 laudis
3237 4250 3493 4307 diminuit
3517 4294 3532 4319 ,
3581 4262 3638 4309 et
3669 4253 3833 4323 pluri-

2238 4353 2385 4393 mum
2415 4340 2657 4395 victoriae
2688 4351 2888 4398 nostra:
2917 4343 3245 4414 adjungitur.
3277 4343 3540 4401 Nesciunt
3565 4361 3698 4401 suos
3722 4361 3830 4402 ser-

2237 4448 2366 4490 vare
2387 4476 2402 4501 ,
2432 4436 2628 4505 quibus
2655 4453 2752 4493 nos
2781 4439 3072 4509 parcimus.
3096 4439 3233 4506 Quid
3252 4481 3267 4506 ,
3298 4441 3438 4510 quod
3466 4442 3513 4496 si
3546 4441 3833 4497 imminere

2237 4529 2564 4598 coeperimus
2589 4573 2604 4597 ,
2637 4530 2870 4588 fortasse
2911 4533 3050 4589 inter
3079 4547 3138 4589 se
3178 4534 3537 4604 resipiscant,
3580 4545 3744 4606 atque
3780 4535 3832 4588 in

2245 4622 2475 4692 gratiam
2515 4623 2782 4682 redeant?
2825 4627 2969 4696 quod
3020 4642 3126 4682 non
3171 4641 3400 4695 vereor,
3441 4627 3537 4683 sed
3573 4628 3836 4686 adversus

2245 4724 2484 4768 vestram
2528 4717 2851 4773 sententiam
2886 4719 3139 4790 profero:
3171 4727 3264 4774 aut
3306 4720 3352 4775 si
3387 4732 3704 4790 permaneat
3748 4737 3834 4778 se-

2239 4807 2405 4875 ditio,
2437 4810 2722 4867 videantur
2758 4815 2858 4883 ipsi
2890 4829 3010 4870 sese
3061 4831 3401 4887 expugnasse
3423 4858 3438 4883 ,
3469 4817 3608 4872 nihil
3641 4818 3837 4873 Roma-

2239 4917 2366 4956 nutn
2399 4902 2576 4974 egisse
2606 4907 2906 4962 exercitum
2933 4950 2948 4975 ,
2973 4923 3165 4964 manus
3195 4919 3411 4965 nostras
3429 4910 3634 4965 otiosas
3651 4910 3831 4972 fuisse.

2237 4995 2521 5053 victoriam
2573 5014 2679 5054 non
2722 5000 2922 5057 virtute
2970 5012 3189 5066 nostra,
3217 5003 3316 5059 sed
3362 5002 3546 5058 hostili
3596 5005 3835 5059 interue-

2236 5087 2395 5145 cione
2423 5090 2562 5146 inter
2588 5106 2648 5147 se
2681 5103 2944 5162 paratam.
2979 5094 3168 5166 Itaque
3199 5095 3303 5150 hoc
3355 5095 3678 5165 prudentius
3709 5110 3834 5150 con-

2236 5182 2417 5238 silium
2440 5225 2454 5250 ,
2491 5197 2545 5240 ttt
2574 5187 2887 5244 absentibus
2916 5188 3074 5244 nobis
3103 5189 3328 5244 saeviant
3369 5190 3424 5245 in
3454 5191 3682 5246 exitium
3715 5191 3826 5253 sui,

2237 5289 2307 5331 ne
2342 5276 2465 5347 quis
2524 5288 2673 5348 putet
2717 5295 2810 5337 eos
2856 5283 3059 5338 nostris
3095 5283 3267 5352 magis
3312 5297 3476 5354 quam
3517 5283 3632 5339 suis
3678 5299 3830 5339 exer-

2234 5367 2372 5424 citos
2402 5368 2752 5426 factionibus.
2788 5373 2942 5429 Tunc
2993 5373 3189 5429 melius
3235 5375 3788 5445 apprOpinquabimus
3811 5412 3824 5435 .

2234 5459 2325 5513 ubi
2355 5461 2525 5516 victor
2550 5464 2917 5534 superfuerit,
2949 5467 3039 5538 qui
3071 5477 3258 5521 nostro
3286 5467 3512 5521 accedat
3535 5466 3822 5536 triumpho.

2231 5549 2396 5610 Certe
2428 5555 2647 5612 veniant
2673 5558 2740 5614 ad
2779 5574 2916 5629 nos,
2949 5561 3038 5633 qui
3079 5560 3291 5632 fugiunt
3340 5575 3510 5630 suos;
3561 5561 3824 5619 inveniant

2302 5686 2331 5794 ἶ
2363 5688 2839 5822 ἕλ’ἆὶηὲἑῒιέλῗῖί.
