3964 6330
128 294 200 350 21
213 295 288 352 15

902 293 1173 354 HISTOR.
1219 297 1306 354 DE
1348 297 1628 357 EXCIDIO
1666 299 1941 360 IlIEROS.
1977 298 2180 360 URBIS
2217 303 2348 360 LIB.
2390 301 2481 359 IV.

3310 305 3454 363 2|“

134 409 286 479 apud
320 423 419 464 nos
457 407 687 466 salutem
733 408 836 467 sibi
863 451 876 478 ,
908 426 1044 484 quos
1087 426 1312 469 suorum
1359 415 1528 485 pestis
1557 415 1743 488 cxagi-
1775 424 1818 484 Λ
1852 431 2041 473 versos
2093 417 2326 473 deleret.
2383 415 2500 473 Non
2533 414 2798 489 prteteriit
2841 425 3019 471 tamen
3050 414 3319 489 legatione
3348 418 3460 474 Ga-

137 503 367 558 laverit.

755 595 985 655 CAPUT
1027 597 1146 655 XII.

214 690 329 748 Nec
367 690 560 748 fefellit
609 692 791 763 opinio
824 692 1255 764 Vespasianum:
1287 709 1409 750 nam
1453 693 1544 767 qui
1597 701 1750 765 pote-

136 793 269 841 rant
313 787 490 856 pretio
521 801 580 842 se
619 785 890 843 redimere
915 829 930 853 ,
965 799 1022 842 ut
1071 786 1509 856 dimitterentur,
1542 787 1608 842 ad
1640 787 1752 844 Ro-

138 893 343 934 manos
355 876 759 949 confugiebant.
781 877 1010 949 Repleta
1028 886 1188 934 erant
1202 879 1556 935 dilabentium
1577 888 1749 935 strata

138 971 357 1026 viarum
416 971 847 1037 omnia,omnes
894 973 1144 1028 semitm:
1189 973 1574 1029 relaxabantur
1613 973 1751 1029 divi-

140 1075 260 1130 tes,
297 1080 562 1136 pauperes
593 1064 1091 1132 interficiebantur,
1121 1067 1318 1137 quibus
1359 1067 1584 1136 pecunia
1623 1066 1754 1122 dee-

140 1167 228 1213 rat
260 1157 330 1213 ad
361 1157 813 1228 redemptionem.
844 1157 996 1212 Multi
1028 1158 1190 1212 etiam
1224 1168 1379 1213 extra
1407 1158 1595 1214 urbem
1623 1156 1754 1212 insi-

140 1251 266 1309 dias
292 1261 349 1308 et
389 1251 670 1308 latrocinia
709 1253 1188 1322 pertimescebant,
1212 1262 1266 1308 et
1296 1257 1531 1309 maxime
1560 1253 1753 1324 inopes

140 1347 348 1418 quibus
375 1347 663 1402 comitatus
694 1347 903 1404 deerat.
943 1347 1067 1403 Pari
1117 1347 1299 1419 itaque
1351 1347 1486 1404 foris
1516 1357 1571 1406 et
1602 1348 1752 1404 domi

139 1440 431 1511 proposito
461 1441 566 1496 sibi
617 1441 861 1512 periculo
883 1483 900 1510 ,
943 1441 1232 1513 utrobique
1278 1443 1608 1513 pernicioso,
1638 1443 1754 1515 ple-

139 1536 336 1606 risque
384 1544 564 1590 tamen
597 1536 752 1606 patrii
789 1550 886 1607 spe
930 1535 1208 1607 sepulcri,
1239 1552 1386 1594 mors
1434 1537 1574 1608 apud
1624 1552 1752 1594 suos

145 1629 489 1686 tolerabilior
520 1629 909 1685 aestimabatur.

747 1722 976 1780 CAPUT
1016 1721 1153 1778 XllI.

1855 509 2166 566 «larensium
2219 509 2509 564 invitatum
2563 508 2979 580 VeSpasianum,
3019 507 3138 579 ejus
3166 509 3458 580 legationis

1851 603 2153 668 conscium,
2203 613 2259 656 ut
2303 613 2431 672 p0te
2483 601 2632 658 urbis
2674 603 2994 673 primorem,
3047 602 3268 658 nomine
3292 601 3460 657 Dole-

1852 711 1996 762 sutn,
2030 710 2191 766 quem
2220 695 2502 767 capientes
2526 694 2961 762 interemerunt;
2995 702 3158 765 atque
3188 694 3286 750 ulti
3315 693 3460 764 inju-

1853 789 2012 856 riam,
2041 788 2360 859 egressique
2393 788 2609 854 urbem,
2634 788 2689 843 in
2710 786 2894 842 abdita
2926 796 2981 844 et
3014 785 3305 842 munitiora
3337 799 3461 842 sese

1855 880 2247 949 contulerunt;
2277 879 2490 937 Gadara
2538 880 2798 936 Romanis
2825 879 3018 936 tradita
3047 896 3061 933 :
3093 894 3216 935 cum
3255 877 3461 950 ingenti

1857 973 2046 1044 plausu
2089 982 2377 1043 susceptus
2434 980 2519 1030 est
2548 972 2936 1044 Vespasianus.
2997 973 3046 1027 Is
3101 971 3362 1028 continuo
3389 969 3460 1027 ad

1856 1065 2272 1135 persequendos
2321 1065 2413 1136 qui
2468 1065 2820 1137 refugerant,
2874 1062 3156 1120 Placidum
3203 1062 3454 1120 direxit:

1856 1159 1975 1230 ipse
1998 1160 2292 1216 revertitur
2314 1157 2369 1213 in
2396 1159 2725 1216 Caesaream.

2433 1249 2664 1306 CAPUT
2685 1250 2804 1306 XV.

1929 1345 2181 1402 Placidus
2224 1345 2521 1416 prtemissis
2569 1343 2880 1416 quingentis
2925 1344 3222 1416 equitibus,
3249 1343 3460 1417 fugien-

1858 1449 1938 1497 tes
1969 1442 2272 1509 insecutus,
2297 1441 2475 1512 coegit
2498 1457 2592 1497 eos
2615 1439 2670 1496 in
2693 1441 2870 1496 vicum
2895 1440 2987 1512 qui
3017 1440 3298 1511 proximus
3319 1450 3460 1508 erat,

1856 1536 2190 1593 concedere:
2215 1536 2269 1591 in
2302 1552 2410 1607 quo
2435 1535 2737 1592 electorum
2771 1535 2910 1606 pube
2935 1533 3192 1605 juvenum
3219 1541 3461 1604 reperta,

1858 1631 2147 1688 audaciam
2196 1646 2507 1703 sumpsere,
2541 1637 2601 1686 ut
2656 1630 3004 1701 insurgerent
3055 1629 3110 1683 in
3157 1627 3461 1684 Romanos.

1857 1725 1991 1794 Quae
2018 1741 2109 1782 res
2142 1726 2248 1780 illis
2276 1723 2419 1781 cladi
2474 1723 2593 1778 fuit.
2625 1722 2758 1779 Nam
2789 1722 3133 1779 circumfusis
3164 1723 3462 1793 equitibus,

223 1813 326 1872 Ubi
360 1826 540 1887 strage
578 1816 816 1872 maxima
848 1817 1166 1887 populorum
1193 1858 1210 1886 ,
1243 1825 1422 1872 metus
1463 1817 1516 1872 in
1561 1831 1754 1873 omnes
1783 1821 1831 1886 B
1858 1837 1888 1874 a
1917 1820 2038 1875 vico
2059 1819 2290 1886 exclusi,
2338 1821 2455 1875 sine
2487 1819 2598 1874 ullo
2643 1817 2992 1875 credebantur
3045 1817 3462 1889 impedimento.

146 1923 377 1979 Sparsus
404 1952 417 1975 ,
450 1909 694 1966 subditos
727 1911 943 1968 factioni
975 1911 1100 1967 fecit
1145 1911 1448 1967 universos.
1479 1911 1596 1967 Non
1625 1927 1757 1968 con-

148 2013 342 2060 tentus
393 2019 735 2062 communem
773 2021 897 2062 cum
932 2005 1268 2078 principibus
1299 2005 1552 2062 factionis
1601 2019 1757 2061 exer-

149 2111 281 2152 cere
311 2095 550 2153 Joannes
597 2099 897 2168 potentiam
922 2139 937 2165 ,
971 2097 1314 2168 tyrannidem
1361 2096 1619 2153 affectare
1648 2111 1760 2152 cce-

151 2191 234 2260 pit
263 2198 319 2244 et
345 2204 531 2259 parem
560 2188 961 2260 indignabatur.
997 2190 1290 2246 Destruere
1319 2189 1501 2260 itaque
1526 2189 1756 2243 aliorum

155 2290 363 2338 statuta
391 2282 560 2337 :nihil
580 2283 681 2338 nisi
710 2282 1079 2354 quodlibitum
1111 2281 1282 2351 foret,
1313 2292 1486 2337 ratum
1517 2282 1719 2338 habere
1745 2301 1757 2337 :

155 2376 530 2448 paulatimque
560 2377 662 2432 sibi
708 2377 1015 2434 adsciscere
1063 2377 1395 2448 stipatores:
1428 2376 1620 2432 artifex
1665 2375 1764 2431 do-

158 2469 214 2524 lo
239 2511 254 2538 ,
302 2486 438 2541 quos
473 2471 673 2537 vellet,
714 2480 769 2527 et
817 2471 1006 2527 fraude
1049 2473 1444 2528 circumvenire
1468 2514 1483 2538 ,
1523 2472 1764 2543 obligare

160 2564 394 2634 pecunia
417 2604 430 2627 ,
463 2571 671 2620 terrere
703 2565 939 2636 potentia
966 2607 982 2633 ,
1013 2564 1210 2635 quibus
1249 2564 1461 2620 artibus
1501 2564 1764 2635 plurimos

159 2654 264 2710 sibi
304 2656 689 2712 associaverat.
736 2656 944 2712 Rursus
995 2673 1101 2712 non
1133 2656 1396 2723 deerant,
1430 2656 1522 2729 qui
1551 2657 1634 2712 vel
1668 2671 1764 2726 pe-

160 2747 403 2804 riculoso
448 2748 629 2804 studio
676 2748 960 2804 servitium
999 2749 1414 2811 detrectarent.
1446 2764 1570 2805 cum
1619 2763 1765 2819 prte-

161 2843 354 2898 sertim
382 2841 742 2899 dominationi
772 2843 1012 2910 assueti,
1046 2843 1280 2899 tolerare
1322 2844 1642 2898 servitutem
1671 2857 1767 2898 ne-

159 2935 408 3005 quirent.
438 2935 812 2992 Decernebant
838 2936 1022 3006 itaque
1056 2935 1108 2990 in
1151 2950 1255 2990 una
1283 2935 1416 2990 urbe
1441 2934 1541 2989 tria
1568 2947 1765 3005 genera

162 3031 471 3089 exitialium
517 3031 880 3087 calamitatum
911 3046 925 3085 :
957 3030 1273 3103 tyrannides
1298 3073 1312 3099 ,
1344 3029 1570 3093 bellum,
1621 3028 1768 3084 sedi-

165 3127 282 3182 tio:
315 3141 542 3197 quarum
585 3139 922 3197 unaquaeque
964 3141 1072 3179 non
1121 3139 1319 3190 unam,
1367 3123 1462 3178 sed
1509 3121 1770 3191 plurimas

1861 1911 1929 1968 Et
1958 1911 2087 1967 dum
2142 1912 2234 1967 alii
2266 1911 2498 1968 conferti
2551 1925 2676 1968 sese
2735 1911 3064 1980 reciperent,
3107 1918 3234 1965 ante
3277 1908 3465 1967 limina

1861 2017 2140 2079 portarum
2169 2006 2601 2064 trucidabantur.
2633 2007 2913 2063 Cmsorum
2936 2006 3296 2063 cadaveribus
3321 2003 3349 2043 ι’
3372 2020 3464 2076 ag-

1860 2110 2086 2172 gregata
2141 2099 2314 2155 moles
2364 2101 2748 2170 adrcquaverat
2791 2114 3070 2154 murorum
3100 2097 3465 2154 altitudinem.

1865 2193 2096 2249 Romani
2120 2194 2259 2248 alios
2280 2193 2491 2264 sagittis
2515 2193 2776 2264 figebant,
2791 2192 2928 2247 alios
2948 2191 3265 2248 sauciabant
3291 2191 3471 2246 diver-

1862 2287 1941 2343 sis
1969 2287 2376 2343 missilibusmd
2397 2298 2732 2358 postremum
2755 2285 3039 2342 castellum
3064 2301 3467 2357 expugnavere,

1863 2379 2048 2450 ibique
2077 2394 2289 2447 omnes,
2339 2378 2443 2435 nisi
2475 2379 2672 2450 quibus
2702 2377 2949 2436 elabendi
2980 2377 3209 2434 facultas
3229 2377 3350 2444 fuit,
3383 2379 3488 2434 in--

1865 2472 2101 2528 terfecti.
2131 2473 2234 2528 Alii
2278 2474 2580 2545 fugientes,
2633 2473 2908 2543 ingentem
2958 2471 3159 2526 famam
3203 2471 3466 2529 Romana:

1867 2567 2084 2622 virtutis
2131 2566 2248 2622 suis
2289 2567 2635 2623 sermonibus
2663 2566 3089 2636 exaggerabant,
3124 2567 3329 2636 majora
3357 2567 3465 2622 sibi

1866 2677 2030 2732 quam
2061 2661 2345 2716 hominum
2377 2662 2492 2716 visa
2520 2675 2774 2731 corpora,
2806 2660 3011 2715 nullam
3035 2659 3327 2716 resistendi
3345 2661 3464 2716 cui-

1868 2768 2030 2824 quam
2057 2753 2344 2808 adversum
2392 2751 2624 2808 invictos
2672 2750 2949 2807 fiduciam.
3005 2751 3160 2808 Unde
3191 2751 3471 2822 perterriti

1869 2863 2084 2914 omnes,
2119 2846 2308 2920 fugere
2333 2848 2478 2904 illico
2508 2865 2522 2915 ;
2559 2862 2662 2903 nec
2713 2846 2892 2903 solum
2919 2846 3096 2902 vicina
3125 2854 3180 2902 et
3210 2845 3464 2915 finitima,

1870 2943 1964 2999 sed
1991 2943 2157 2999 etiam
2187 2941 2407 2998 l'lierico
2450 2941 2605 3008 urbs,
2633 2956 2758 3012 quae
2812 2949 3034 3012 propter
3065 2939 3260 2996 incolae
3282 2939 3469 2994 multi-

1872 3037 2074 3093 tudinis
2095 3039 2308 3108 agmina
2342 3049 2492 3107 spem
2546 3042 2870 3093 cmterorum
2920 3032 3136 3089 fovebat
3157 3075 3174 3102 ,
3207 3033 3475 3104 relinque

1873 3130 2052 3186 batur.
2083 3128 2358 3195 Placidus,
2387 3128 2550 3184 rebus
2600 3143 2668 3181 ex
2714 3127 2983 3182 sententia
3014 3125 3326 3192 fluentibus,
3376 3139 3474 3182 eos

163 3219 331 3278 urbes
361 3217 590 3274 deleret.
621 3219 701 3274 Ex
729 3217 903 3274 tribus
926 3227 1106 3274 tamen
1148 3217 1326 3272 levius
1368 3216 1571 3272 bellum
1616 3223 1766 3281 eral;
1795 3214 1840 3277 C
1873 3237 2093 3294 quoque
2129 3237 2226 3292 per
2250 3222 2462 3293 equites
2490 3220 2810 3286 insectatus,
2841 3219 2979 3274 alios
3012 3218 3307 3286 confertos,
3335 3218 3474 3275 alios

165 3322 224 3368 ct
246 3311 430 3381 justus
458 3310 631 3366 hostis
657 3320 889 3382 tyranno
914 3316 1008 3365 aut
1051 3309 1291 3365 factione
1330 3308 1663 3364 tolerabilior
1691 3309 1771 3362 vi—

166 3402 418 3459 debatur.
446 3401 695 3458 Accessit
724 3401 809 3456 his
827 3410 1076 3473 quartum
1099 3415 1269 3472 genus
1294 3403 1612 3456 sicariorum
1629 3439 1646 3467 ,
1678 3399 1770 3470 qui

164 3504 490 3566 occupatam
539 3495 837 3567 tyranuieis
869 3495 1104 3550 motibus
1133 3502 1226 3548 aut
1255 3491 1544 3548 seditionis
1574 3491 1774 3546 tumul-

168 3590 317 3646 tibus
349 3589 535 3646 urbem
562 3589 813 3645 videntes
835 3631 850 3656 ,
885 3588 1062 3644 vicina
1093 3587 1272 3642 omnia
1324 3585 1728 3657 populabantur
1753 3625 1768 3652 ,

166 3697 227 3746 et
253 3685 606 3760 asportabant
627 3685 828 3740 omnia.
854 3682 1107 3738 Mulieres
1137 3691 1191 3736 et
1220 3679 1476 3752 parvulos
1502 3679 1593 3750 qui
1615 3679 1772 3734 labo-

166 3797 288 3839 rem
323 3779 570 3844 itineris,
605 3776 690 3832 vel
721 3789 884 3831 sexus
933 3773 1018 3828 vel
1063 3773 1242 3829 aetatis
1287 3771 1604 3827 inﬁrmitate
1646 3785 1770 3840 per-

167 3874 284 3948 peti
318 3887 426 3928 non
455 3877 751 3942 poterant,
783 3868 901 3924 neci
951 3867 1175 3922 dabant.
1220 3864 1559 3935 Septingenti
1591 3863 1774 3934 itaque

164 3979 403 4026 numero
431 3961 695 4035 perempti
724 3979 738 4016 :
768 3967 1150 4016 convcctatum
1183 3957 1237 4012 in
1276 3957 1496 4011 castella
1529 3955 1775 4011 frumcn-

168 4072 288 4119 tum
326 4077 338 4113 :
379 4057 664 4115 irruebant
709 4055 857 4127 agris
884 4097 898 4121 ,
945 4054 1210 4120 urbibus,
1259 4051 1514 4122 templis,
1561 4050 1775 4120 przedas

169 4156 410 4228 agebant
440 4173 454 4208 :
489 4150 855 4208 necandornm
884 4147 1102 4204 occasio
1160 4160 1266 4202 non
1315 4143 1773 4215 praetermitteba-

167 4259 303 4305 tur:
338 4245 567 4318 agminis
615 4243 798 4316 specie
846 4240 1190 4296 latrocinium
1216 4247 1242 4275 ιι
1274 4237 1621 4302 excitabant,
1657 4236 1777 4306 plu-

167 4358 264 4401 res
286 4356 447 4413 quam
488 4354 616 4395 usus
649 4337 884 4396 habebat
913 4333 1298 4392 latrocinandi.
1333 4332 1628 4388 Latrocinii
1669 4346 1774 4387 sae-

171 4436 309 4493 vitia
349 4435 553 4492 bellurn
601 4433 970 4499 acerbabant,
1002 4429 1122 4486 sine
1159 4428 1318 4485 venia
1356 4426 1653 4484 deditionis
1684 4434 1778 4482 aut

167 4528 544 4602 susceptionis
574 4527 930 4599 indulgentia.

779 4619 1011 4677 CAPUT
1040 4618 1182 4676 XIV.

247 4719 492 4790 Rogatur
521 4717 703 4788 itaque
729 4713 1120 4786 Vespasianus,
1163 4719 1222 4768 ut
1251 4710 1318 4766 ad
1349 4707 1652 4767 remedium
1681 4721 1778 4763 ve-

171 4812 316 4880 niat,
346 4829 374 4866 a
405 4827 512 4884 quo
553 4809 826 4868 excidium
871 4807 1237 4864 metuebatur.
1284 4802 1781 4862 ContenditGada-

171 4922 320 4972 ram,
354 4904 446 4960 ubi
476 4902 725 4976 opulenti
752 4900 997 4974 plurimi,
1026 4900 1117 4970 qui
1148 4897 1460 4970 patrimonii
1484 4895 1568 4951 sui
1590 4909 1778 4962 causa,

175 5002 353 5074 magis
377 5000 660 5071 magisque
714 4998 989 5052 latronum
1022 4992 1248 5049 insidias
1273 5001 1329 5049 et
1381 4993 1628 5046 incursus
1661 5003 1782 5060 per-

174 5093 546 5152 timescebant
573 5109 588 5160 ;
619 5099 676 5148 et
700 5089 828 5146 ideo
867 5087 938 5144 ad
963 5085 1361 5158 Vespasianum
1382 5083 1592 5140 occulte
1620 5081 1786 5137 mise-

175 5196 404 5254 rant,ut
430 5186 496 5242 ad
526 5200 590 5242 se
631 5181 1117 5256 appropinquaret,
1140 5195 1248 5250 quo
1276 5177 1474 5233 civitas
1505 5191 1533 5230 a
1561 5174 1785 5230 latroni-

175 5283 288 5340 bus
315 5287 623 5336 erueretur.
655 5274 843 5332 Adfuit
872 5271 1152 5330 exercitus
1180 5271 1482 5334 Romanus,
1517 5281 1676 5338 quem
1706 5263 1789 5319 vi-

179 5372 378 5429 dentes
411 5368 756 5426 Gadarenses
779 5405 796 5433 ,
830 5363 1176 5436 confugiendi
1228 5372 1412 5419 votum
1463 5358 1738 5414 habebant
1768 5373 1782 5424 ;

179 5464 282 5522 sed
314 5479 419 5536 qua
443 5463 530 5517 via
578 5456 920 5516 inexitiabile
946 5456 1000 5512 id
1029 5454 1129 5509 sibi
1152 5453 1365 5519 afforet,
1399 5466 1508 5507 non
1539 5448 1784 5520 reperie-

179 5557 338 5623 bant,
369 5570 438 5611 ne
459 5554 512 5610 in
541 5550 892 5609 discedentes
915 5547 1226 5619 insurgeret
1245 5543 1431 5611 factio,
1464 5550 1633 5612 atque
1661 5538 1782 5596 uni-

258 5747 285 5776 ⁸
318 5732 664 5793 Εωετοεὺαπε.
706 5729 834 5788 Mox
858 5739 991 5784 vero
1012 5722 1342 5781 acerbabant.
1370 5720 1540 5779 Buta.

1874 3317 2118 3387 palantes
2141 3315 2333 3372 sternit
2365 3330 2536 3386 usque
2583 3313 2649 3369 ad
2702 3313 2902 3370 flumen
2930 3312 3260 3369 Iordanem:
3305 3313 3477 3368 maxi-

1876 3427 2021 3466 mum
2073 3423 2287 3480 quoque
2343 3422 2628 3464 numerum
2673 3406 2740 3462 ad
2772 3406 2944 3477 ripam
2985 3405 3226 3462 fluminis
3271 3405 3480 3476 reperit

1874 3501 2194 3574 impeditum
2222 3501 2474 3568 transitu,
2509 3500 2653 3572 qttod
2699 3509 2830 3555 tunc
2855 3499 2993 3555 forte
3022 3499 3314 3570 praedictus
3361 3513 3478 3554 am-

1873 3593 1958 3650 nis
1981 3594 2246 3650 imbribus
2262 3603 2479 3661 auctus,
2495 3603 2588 3649 aut
2603 3593 2860 3649 resolutis
2878 3592 3093 3648 nivibus
3122 3593 3476 3648 intumuerat.

1874 3686 1946 3742 At
1973 3687 2055 3742 illi
2085 3687 2173 3742 ubi
2203 3686 2480 3743 Romanos
2501 3687 2695 3742 adesse
2723 3684 3001 3752 viderunt,
3032 3693 3227 3756 parant
3247 3699 3392 3750 sese,
3426 3693 3483 3740 et

1877 3778 1944 3834 ad
1976 3777 2215 3834 fluminis
2237 3792 2390 3832 oram
2423 3778 2648 3847 stipant.
2673 3775 2982 3831 Necessitas
3014 3777 3309 3833 intercluso
3338 3775 3481 3848 fugae

1876 3872 2140 3940 subsidio,
2165 3872 2468 3928 remedium
2500 3872 2553 3926 in
2586 3886 2779 3926 manus
2802 3871 3056 3938 vertit,et
3086 3871 3288 3942 impetu
3311 3869 3477 3937 facto,

1879 3965 2034 4020 multi
2088 3978 2249 4034 supra
2300 3963 2582 4033 pauciores
2620 3964 2831 4033 equites
2872 3961 3174 4018 arietantur
3203 3978 3216 4016 :
3242 3962 3318 4017 illi
3360 3970 3481 4018 arte

1879 4066 2007 4112 nota
2035 4064 2086 4112 et
2110 4056 2283 4110 Veturi
2308 4055 2514 4110 militiae
2543 4068 2694 4110 more
2725 4055 3172 4125 interequitantes
3200 4053 3481 4111 dissecare

1879 4147 2116 4204 hostium
2143 4162 2399 4213 cuneum,
2450 4146 2756 4203 dissolvere
2809 4146 3022 4218 globos,
3055 4147 3234 4203 fessos
3261 4163 3481 4219 urgere,

1879 4239 2136 4298 cedentes
2175 4241 2326 4310 sequi
2351 4254 2607 4310 coepere:
2642 4240 2768 4295 hinc
2808 4240 2896 4295 alii
2925 4239 3074 4295 ferro
3101 4240 3364 4308 hostium,
3389 4241 3484 4297 alii

1881 4348 2003 4399 suo,
2035 4331 2180 4403 quod
2226 4331 2456 4388 conferti
2487 4333 2541 4388 in
2567 4348 2735 4388 unum
2759 4340 2921 4403 atque
2948 4333 3000 4388 in
3024 4347 3084 4388 se
3115 4333 3262 4389 relisi
3304 4334 3486 4390 incur-

1879 4433 2087 4493 rerant,
2121 4424 2612 4481 interficiebantur.
2654 4425 2764 4480 Alii
2790 4425 2842 4479 in
2872 4423 3073 4480 flumen
3120 4426 3374 4493 ruebant,
3394 4427 3488 4498 qui

1881 4518 1996 4590 ipsa
2026 4518 2109 4574 sui
2141 4518 2318 4584 ruina,
2353 4525 2408 4574 et
2443 4517 2588 4573 alius
2617 4517 2727 4573 alio
2784 4517 3036 4590 impliciti
3089 4517 3488 4590 demergeban-

1801 4608 1853 4670 D
1882 4619 1988 4666 tur.
2014 4609 2266 4682 Plerique
2303 4611 2470 4667 etiam
2501 4612 2856 4681 aestimantes,
2880 4611 3024 4682 quod
3071 4622 3298 4685 possent
3347 4628 3486 4683 pra:-

1879 4703 2138 4776 tergrcdi,
2163 4717 2286 4760 sese
2311 4703 2479 4760 ﬂuvio
2504 4703 2725 4760 dabant.
2748 4704 2895 4775 Quos
2927 4705 3203 4777 paululum
3238 4720 3490 4777 progres-

1881 4810 1974 4852 sos
2001 4794 2258 4851 sorbebat
2307 4795 2580 4868 gurgitum
2613 4797 2695 4853 vis
2723 4806 2816 4852 aut
2859 4795 3143 4853 fluminum
3172 4796 3311 4854 ictus
3338 4797 3488 4852 abri-

1882 4887 2085 4959 piebat.
2111 4887 2180 4942 Et
2203 4889 2249 4944 si
2279 4889 2370 4959 qui
2426 4888 2647 4944 natandi
2678 4905 2778 4946 usu
2817 4904 2984 4963 super
3010 4904 3182 4962 aquas
3210 4903 3494 4961 processe-

1883 4990 2028 5047 rant,
2061 4989 2153 5035 aut
2172 4979 2390 5037 ﬂuentis
2431 4981 2932 5039 subterlabentibus
2981 4996 3043 5040 se
3069 4983 3490 5055 suspenderant,

1887 5082 1980 5128 aut
2011 5073 2271 5129 arborum
2297 5075 2465 5130 ramis
2495 5074 2764 5146 impediti,
2810 5075 2903 5147 qui
2949 5077 3116 5133 fluvio
3146 5076 3495 5134 deduceban-

1890 5173 1999 5232 tur,
2030 5173 2125 5221 aut
2150 5165 2283 5237 ipsis
2302 5166 2624 5224 caudicibus
2655 5169 2924 5239 oppressi,
2948 5169 3187 5225 animam
3218 5171 3499 5242 ponebant

1891 5257 1944 5312 in
1974 5257 2224 5315 flumine.
2256 5260 2415 5331 Saepe
2441 5261 2606 5318 etiam
2657 5261 2824 5318 nandi
2876 5263 3155 5331 indoctus,
3188 5265 3280 5321 ubi
3313 5274 3501 5321 natan-

1890 5359 1995 5406 tem
2024 5351 2504 5421 apprehendisset,
2541 5354 2781 5424 tenebat,
2810 5365 2872 5412 ut
2893 5357 3010 5428 ipse
3057 5358 3268 5429 pariter
3293 5359 3496 5413 evade-

1888 5450 1999 5511 ret,
2023 5452 2078 5499 et
2102 5444 2389 5500 astrictum
2421 5445 2658 5504 brachiis
2683 5447 3031 5520 defatigabat,
3068 5448 3245 5505 donec
3266 5455 3495 5519 uterque

1889 5549 2128 5604 mersus,
2147 5536 2306 5595 alteri
2353 5539 2524 5597 exitio
2569 5539 2729 5600 foret.
2754 5540 2827 5599 At
2851 5541 2900 5600 si
2934 5542 3028 5616 qui
3073 5539 3216 5600 forte
3257 5541 3504 5600 secundo

1974 5714 2004 5756 δ
2025 5716 2305 5790 Aggerata.
2332 5719 2409 5778 In.
