3964 6330
508 276 653 342 91ίὸ

1851 274 2098 339 SANCTI
2138 264 2463 336 AﬂBROSli

3679 260 3822 329 etto
3896 254 3897 263 ‘

503 420 661 459 azune
689 403 985 459 decurrens
1023 415 1286 458 evasurus
1326 400 1716 466 aestimaretur,
1742 408 1769 440 ει
1797 399 2109 456 irruebatur
2134 399 2185 458 A
2213 416 2350 487 ρειῑι
2382 456 2397 481 ,
2451 428 2572 486 qua;
2615 414 2685 470 dc
2742 414 2897 486 aquis
2936 412 3129 470 caudis
3179 414 3503 472 vocabulum
3558 418 3816 485 summu,

502 496 736 568 sagittis,
789 511 852 550 ac
904 494 1084 551 subito
1134 493 1445 563 resupinus,
1478 493 1822 549 cessantibus
1852 492 2107 548 brachio-

501 607 624 647 rum
692 589 933 659 remigiis
963 628 978 655 ,
1031 588 1309 643 interibat.
1338 588 1514 642 Fuere
1561 589 1746 650 etiam,
1778 589 1870 657 qui
1919 596 2109 644 natare

503 684 705 746 nescii,
760 681 887 735 dum
933 690 1213 750 expertem
1263 679 1473 735 doloris
1517 689 1746 735 mortem
1799 679 2106 751 requirunt,

499 776 648 832 edito
675 775 915 845 riparum
950 784 1092 841 toro,
1146 774 1199 828 in
1231 773 1454 829 ﬂuvium
1482 787 1541 829 se
1571 783 1892 830 excuterem
1914 773 2106 829 volun-

501 871 645 925 tarii.
678 868 785 924 Alii
807 882 1042 924 arenoso
1065 868 1294 939 ingressi
1325 868 1530 932 littore,
1557 883 1735 924 merso
1763 868 1993 938 vestigio
2014 868 2110 923 deo

499 963 920 1033 primebantur:
964 962 1209 1032 plerique
1259 961 1422 1016 etiam
1465 976 1720 1017 saxorum
1748 961 2109 1018 teretiumlu-

506 1056 655 1111 brico
676 1064 769 1110 aut
824 1054 1044 1111 vadosis
1071 1053 1265 1110 offensi
1319 1055 1475 1121 locis,
1512 1054 1749 1110 instabili
1783 1054 2108 1110 ﬂuctuantes

498 1150 693 1221 gradu,
726 1149 943 1204 fluentis
971 1148 1330 1217 sequentibus
1356 1148 1749 1204 obruebantur.
1775 1146 1926 1202 Cmsa
1960 1145 2109 1203 ferro

504 1244 767 1300 tredecim
797 1243 966 1298 millia
999 1260 1013 1295 :
1039 1242 1461 1297 innumerabilis
1481 1249 1663 1296 autem
1693 1239 1981 1295 multitudo
2008 1237 2110 1293 ﬂu-

501 1340 590 1396 vio
633 1347 981 1409 consumpta,
1005 1335 1189 1407 praeda
1222 1336 1414 1406 ingens
1435 1335 1504 1390 de
1532 1335 1714 1389 ovium
1746 1333 2023 1403 gregibus,
2055 1342 2110 1389 et

499 1437 836 1491 camelorum
892 1441 1059 1503 atque
1106 1432 1390 1487 asinorum
1442 1438 1499 1484 et
1547 1429 1711 1483 boum
1746 1437 1895 1497 parta
1931 1444 1947 1492 ;
1986 1440 2109 1496 quas

498 1528 627 1584 licet
677 1539 891 1597 strages
921 1525 1204 1579 hominum
1263 1523 1498 1577 maxima
1553 1521 1738 1586 fuerit,
1769 1519 1799 1560 ι’
1832 1530 1943 1575 tum
1975 1534 2110 1575 vero

496 1622 673 1691 major
703 1618 1103 1684 astimabatur,
1129 1617 1255 1687 quia
1300 1633 1409 1671 nun
1435 1615 1611 1671 solum
1637 1614 1789 1686 regio
1814 1614 1994 1668 onmis
2025 1626 2113 1668 re»

500 1716 648 1787 picta
695 1722 814 1769 erat
870 1711 1234 1767 cadaveribus
1271 1708 1525 1764 humanis
1579 1709 1725 1781 (eum
1781 1704 2014 1775 dispersi
2046 1717 2111 1763 ac

2212 509 2356 580 quod
2386 524 2647 580 aquarum
2679 523 2849 574 vapor
2865 506 3002 580 Syro
3032 524 3287 564 sermone
3321 508 3593 564 Amathus
3632 511 3819 580 appel-

2211 604 2309 658 lari
2335 603 2526 659 fertur.
2560 603 2812 659 Thermte
2836 618 2964 675 ergo
2991 604 3181 660 Grazce
3219 603 3440 671 dicitur,
3469 619 3538 660 eo
3560 605 3713 676 quod
3736 619 3822 660 ca—

2212 696 2381 751 lidum
2415 695 2620 751 fontem
2671 695 2867 751 habeat
2906 695 3046 751 intra
3097 711 3304 752 muros.
3334 695 3543 752 Deinde
3594 710 3697 767 per
3725 695 3819 753 Sa-

2211 790 2439 843 mariam
2471 788 2621 859 juxta
2651 786 2937 857 Neapolim
2972 788 3024 844 in
3083 788 3338 845 lliericbo
3389 788 3697 852 contendit,
3734 787 3821 845 ubi

2210 881 2453 936 occurrit
2482 882 2532 936 ei
2579 880 2846 952 Trajanus
2897 882 3121 937 multam
3157 898 3377 937 manum
3418 897 3610 953 agens,
3635 898 3710 937 ex
3741 880 3821 937 his

2211 975 2302 1045 qui
2329 976 2469 1030 ultra
2506 974 2799 1031 Jordanetn
2846 976 2937 1032 siti
2981 975 3183 1032 Peraea:
3232 976 3470 1047 regionis
3520 977 3731 1047 populi,
3769 978 3820 1031 in

2211 1067 2473 1123 ditionem
2504 1067 2802 1124 llonmnam
2834 1069 2959 1123 victi
2997 1066 3375 1124 'reverterant.
3409 1067 3613 1124 Nuntio
3639 1070 3824 1141 itaque

2210 1159 2553 1216 advenientis
2580 1160 2806 1215 Romani
2833 1162 3106 1216 exercitus
3149 1160 3397 1230 plerique
3426 1175 3491 1215 ex
3528 1160 3664 1214 urbe
3690 1159 3822 1216 Ilie-

2211 1248 2392 1313 richo,
2424 1247 2567 1318 quod
2598 1260 2718 1303 eam
2742 1247 2972 1302 intutam
3015 1246 3289 1313 viderent,
3320 1248 3373 1302 in
3406 1256 3661 1302 montana
3696 1247 3825 1303 Hie-

2213 1340 2620 1412 rosolymitanae
2671 1342 2914 1412 regionis
2967 1356 3089 1397 sese
3141 1341 3506 1397 contulerant.
3558 1339 3827 1397 Bia-siden-

2214 1433 2347 1488 tium
2378 1434 2530 1488 turba
2563 1433 2743 1489 omnis
2789 1436 3145 1490 consumitur.
3186 1434 3373 1506 Neque
3400 1436 3548 1491 enim
3601 1434 3826 1491 difficile

2215 1527 2315 1582 fuit
2367 1529 2557 1583 urbem
2607 1538 2899 1599 properato
2943 1529 3084 1599 capi,
3108 1544 3229 1600 qum
3257 1543 3361 1584 nec
3406 1529 3642 1584 naturali
3686 1528 3827 1585 fulta

2215 1630 2365 1677 esset
2421 1622 2759 1688 munimine,
2807 1632 2863 1678 et
2908 1638 2936 1676 a
2967 1623 3081 1678 suis
3137 1631 3287 1678 esset
3317 1622 3686 1679 dilabentibus
3730 1624 3826 1678 de-

2217 1723 2363 1769 serta
2392 1729 2455 1768 ac
2486 1714 2767 1769 destituta.
2787 1714 2930 1771 Urbs
2955 1714 3170 1770 condita
3204 1715 3255 1769 in
3275 1730 3490 1786 campo,
3519 1716 3607 1791 qui
3634 1732 3828 1788 super-

502 1807 1196 1879 palantesquibuscumque
1219 1803 1273 1858 in
1300 1802 1435 1858 locis
1457 1799 1843 1870 comprehensi
1873 1796 2111 1861 fuerant,
2140 1799 2188 1860 Β
2214 1808 2422 1863 emine;
2445 1821 2603 1862 ωοηε
2627 1807 2879 1864 diffusior
2902 1820 2951 1864 ει
2975 1810 3156 1865 nudus
3191 1810 3550 1881 gignentium.
3580 1808 3828 1881 Namque

499 1898 997 1969 interimerentur),
1028 1912 1218 1953 verum
1247 1896 1413 1951 etiam
1457 1903 1515 1949 ut
1560 1892 1814 1950 Jordanis
1863 1892 1982 1962 ipse
2008 1890 2106 1947 de-

497 1993 808 2050 functorum
855 1991 1181 2061 corporibus
1225 1989 1560 2054 obStructus,
1611 2001 1807 2042 cursus
1858 1984 2111 2055 proprios

498 2088 736 2157 dirigere
763 2101 874 2141 non
902 2093 1108 2155 posset.
1132 2080 1474 2154 Aspbaltites
1499 2095 1718 2151 quoque
1742 2078 1893 2133 lacus
1912 2092 2112 2133 cruore

499 2191 555 2237 et
578 2179 881 2236 visceribus
910 2177 1291 2232 defunctorum
1342 2181 1581 2229 mutaret
1611 2184 1817 2227 natura:
1846 2188 1962 2226 sum
1989 2186 2112 2241 spe.

499 2274 675 2339 ciem,
697 2274 752 2328 in
782 2287 945 2343 quem
971 2270 1177 2333 omnia,
1208 2283 1565 2339 quaecumque
1586 2266 1839 2322 Jordanis
1865 2275 2111 2320 attraxe-

497 2380 603 2437 rat,
665 2366 1083 2423 iuvehebantur.
1139 2363 1388 2433 Denique
1430 2362 1723 2430 nonaginta
1780 2358 1890 2415 duo
1942 2357 2112 2412 millia

497 2476 553 2521 et
600 2462 822 2520 ducenti
873 2460 965 2515 illa
1002 2458 1092 2513 die
1139 2456 1455 2512 Judicorum
1502 2454 1739 2526 periisse
1775 2449 2054 2515 aestimati,
2082 2464 2114 2504 a

497 2556 805 2628 quingentis
835 2549 1215 2608 tantummodo
1245 2548 1539 2619 equitibus,
1569 2555 1627 2601 et
1662 2545 1840 2601 tribus
1873 2542 2114 2599 millibus

498 2654 771 2708 exercitus
838 2648 1133 2721 pedestris.
1198 2646 1531 2715 Progressus
1577 2657 1796 2714 quoque
1852 2639 1920 2695 ad
1975 2639 2115 2695 ulte-

497 2749 643 2799 riora
678 2742 956 2807 Placidus,
1008 2739 1219 2796 Abilam
1258 2750 1311 2793 et
1348 2735 1619 2793 Juliadem
1672 2743 1727 2788 ct
1779 2732 2111 2797 Belesmon,

498 2847 554 2892 et
600 2850 794 2889 oniues
820 2834 969 2889 vicos
1020 2832 1124 2887 luci
1156 2832 1326 2901 ipsius
1348 2844 1521 2901 usque
1551 2827 1619 2884 ad
1642 2826 2003 2897 Asphaltitem
2031 2823 2113 2879 la-

499 2945 623 2986 cum
651 2929 900 2984 Romano
936 2930 1167 2997 imperio
1216 2924 1476 2982 restituit.
1507 2924 1738 2994 Scapliis
1776 2936 1993 2993 quoque
2015 2920 2117 2974 im-

499 3025 683 3094 posuit
730 3022 957 3088 milites,
988 3036 1017 3074 a
1051 3020 1246 3091 quibus
1274 3018 1515 3074 universi
1566 3018 1658 3087 qni
1691 3016 1745 3070 in
1775 3015 1953 3070 lacum
2003 3027 2119 3067 me-

502 3128 773 3175 moratum
819 3113 1214 3186 confugerant,
1253 3113 1755 3182 exstinguerentur.

1108 3206 1337 3263 CAPUT
1399 3206 1539 3262 XVI.

573 3307 764 3377 itaque
812 3313 869 3360 et
897 3304 1016 3359 haec
1042 3302 1228 3357 omnia
1280 3316 1449 3371 usque
1492 3299 1559 3354 ad
1589 3298 1998 3354 Machernntem
2023 3310 2111 3350 re-

499 3408 698 3470 cepta:
732 3398 1107 3469 Vespasianus
1155 3405 1335 3451 tamen
1392 3402 1607 3462 tempus
1652 3390 1824 3462 pra-lii
1852 3390 2110 3459 opperie-

509 3495 691 3561 batur,
724 3506 833 3563 qtto
877 3489 1227 3560 metropolim
1288 3488 1453 3543 totius
1481 3485 1686 3542 Judzrae
1731 3483 1976 3540 exercitu
2006 3481 2114 3536 Ho-

509 3603 670 3643 tnano
708 3586 1064 3642 adoriretur:
1116 3584 1259 3638 inter
1300 3597 1443 3652 quae,
1492 3587 1757 3648 occupato
1797 3576 1963 3631 rebus
2005 3574 2112 3628 sibi

504 3679 732 3736 creditis
776 3720 791 3745 ,
856 3687 1037 3732 motus
1089 3676 1218 3731 novi
1268 3690 1333 3729 ex
1389 3671 1690 3729 Gallicanis
1740 3669 1982 3739 partibus
2024 3667 2110 3720 in-

504 3778 816 3841 sinuantur,
845 3773 993 3845 quod
1021 3788 1051 3827 a
1086 3771 1301 3827 Nerone
1324 3775 1575 3838 potentes
1602 3764 1819 3838 quidam
1852 3761 2111 3816 Romanae

503 3869 712 3925 militia:
743 3866 849 3925 viri
878 3864 1263 3921 descivissent.
1288 3861 1409 3929 Quo
1430 3867 1734 3929 comperto,
1767 3856 1998 3926 cupiens
2026 3854 2109 3907 in—

505 3968 708 4022 testina
727 3965 866 4019 bella
892 3978 955 4017 ac
983 3976 1211 4016 summa:
1235 3957 1317 4015 rei
1344 3958 1617 4025 totiusque
1640 3950 1868 4007 Romani
1896 3945 2110 4017 imperii

503 4059 805 4133 periculum
838 4098 852 4123 ,
912 4054 1164 4111 confecto
1205 4052 1259 4106 in
1301 4050 1513 4105 oriente
1551 4046 1820 4102 bellorum
1852 4040 2107 4105 tumultu,

505 4155 729 4211 levare:
771 4162 829 4205 ut
879 4164 1062 4204 rerum
1107 4144 1469 4202 secundarum
1517 4141 1742 4204 nuntiis,
1776 4148 1959 4193 monts
1991 4150 2111 4189 om-

508 4260 607 4304 nes
656 4244 823 4299 Italite
877 4242 965 4296 vel
1016 4237 1425 4309 comprimeret,
1459 4235 1546 4290 vel
1600 4231 1969 4303 praeveniret;
2018 4228 2107 4282 ubi

508 4340 745 4413 primum
772 4353 913 4391 saeva
948 4334 1123 4389 hiems
1154 4339 1454 4401 temperata
1486 4327 1630 4383 veris
1666 4322 1957 4395 principio,
1986 4335 2109 4376 cum

509 4437 717 4504 majore
746 4437 901 4501 parte
928 4426 1203 4485 exercitus
1232 4425 1302 4479 de
1358 4422 1607 4477 Caesarea
1636 4417 1742 4474 iter
1772 4416 1961 4471 movit.
1994 4415 2108 4469 Ex.

508 4529 651 4599 cepit
674 4541 796 4583 eum
844 4522 1143 4593 Antipatris
1171 4518 1390 4574 nomine
1435 4514 1628 4569 civitas
1659 4509 1951 4582 appellata.
1981 4508 2110 4565 lude

508 4620 835 4695 procedens,
864 4616 1130 4673 exurebat
1154 4614 1327 4676 vicos,
1375 4607 1605 4665 necabat
1646 4619 1745 4661 eos
1789 4617 1926 4674 quos
1952 4617 2110 4672 repe-

503 4679 685 4773 riebat
726 4715 942 4769 alienos
971 4728 985 4763 :
1010 4724 1075 4764 ac
1130 4706 1370 4762 maxime
1422 4700 1679 4759 ldnrnteis
1730 4697 1931 4761 vicina,
1960 4679 2189 4765 quas-D

506 4822 740 4878 cumque
761 4804 1088 4869 offenderat,
1113 4797 1592 4870 depopulabatur;
1626 4789 1770 4862 quod
1803 4786 2106 4858 inquietum

503 4918 676 4977 genus
704 4900 986 4957 hominum
1041 4894 1219 4967 potius
1268 4891 1429 4946 bellis
1474 4902 1635 4959 quam
1685 4885 1798 4940 otio
1826 4882 1910 4937 vel
1938 4878 2108 4951 quieti

505 4999 740 5054 amicum
765 4996 924 5052 foret.
952 4988 1099 5047 Duos
1121 5001 1335 5060 quoque
1355 4983 1609 5039 ldumaea:
1631 4982 1777 5036 vicos
1807 4987 1828 5017 ε
1852 4977 2106 5047 Ligarum

503 5102 558 5148 et
600 5092 977 5161 Capartorem,
1013 5095 1314 5152 eorumque
1371 5077 1579 5133 incolas
1631 5069 2111 5144 comprehendens

505 5189 739 5244 maxima
766 5195 951 5255 strage
999 5177 1363 5235 labefactavit.
1397 5174 1677 5245 Siquidem
1725 5186 1888 5245 supra
1914 5172 2103 5229 decem

503 5282 671 5338 millia
696 5281 935 5335 virorum
978 5274 1234 5348 peremit,
1266 5272 1415 5329 mille
1436 5272 1682 5343 captivos
1712 5265 2107 5337 abduxit,reli-

500 5393 665 5449 quum
696 5375 889 5445 vulgus
915 5370 1144 5441 expulit,
1166 5377 1226 5422 nt
1248 5367 1322 5422 ibi
1356 5367 1711 5422 conStitueret
1731 5380 1949 5419 manum
1973 5378 2105 5418 suo-

498 5486 620 5527 rum
652 5470 816 5539 :quia
843 5478 1100 5523 montana
1128 5463 1375 5521 locorum
1425 5460 1668 5532 regionis
1725 5459 1841 5529 ejus
1881 5456 2105 5512 latrocio

496 5563 601 5619 niis
626 5561 1044 5617 infestabantur.
1080 5557 1200 5628 Ipse
1226 5570 1353 5612 cum
1373 5553 1618 5612 exercitu
1647 5552 1977 5607 Amathunta
2012 5563 2102 5606 re-

575 5710 600 5738 ⁸
631 5702 977 5757 Obruebatur.
999 5698 1168 5754 ΒΑιιιι.

574 5774 603 5812 δ
623 5774 839 5827 Tamen.
873 5772 949 5827 In.

575 5854 597 5881 ο
623 5841 1089 5912 Apudlosephum
1115 5840 1209 5896 lib.
1241 5852 1296 5904 v,
1327 5850 1447 5907 cap.
1470 5837 1526 5903 4,
1546 5832 1773 5904 Begabri
1796 5830 2099 5902 Capharto-

2211 1902 2511 1960 secundum
2562 1904 3045 1971 septentrionalem
3105 1903 3344 1974 plagam,
3375 1921 3549 1975 usque
3594 1904 3660 1960 ad
3691 1905 3829 1978 Scy-

2214 1996 2453 2067 thopolis
2483 1997 2634 2053 nrbis
2659 2006 2861 2053 terram
2886 1998 3226 2066 extenditur,
3249 2016 3315 2055 ex
3348 2010 3501 2069 parte
3528 2001 3827 2057 meridiana

2212 2104 2386 2161 usque
2413 2090 2478 2146 ad
2508 2092 2788 2162 regionem
2822 2091 3235 2148 Sodomitanam
3257 2102 3312 2149 et
3336 2093 3663 2163 Asylialtitis
3688 2094 3825 2152 lines

2212 2182 2719 2242 diﬂ‘ususbabetur.
2749 2185 2978 2257 Egrum
3029 2194 3209 2242 autem
3245 2197 3302 2242 et
3350 2186 3600 2259 jejunum
3624 2189 3825 2255 solum,

2215 2286 2270 2333 ct
2294 2280 2414 2334 ideo
2441 2280 2720 2337 desertum
2753 2281 2821 2338 ab
2870 2282 3090 2349 incolis,
3123 2282 3268 2353 quod
3308 2284 3427 2339 sine
3457 2284 3569 2338 ullo
3612 2301 3709 2341 usu
3738 2300 3825 2342 es-

2214 2381 2298 2427 set
2318 2372 2619 2427 cultoribus
2640 2372 2874 2428 naturali
2903 2373 3215 2429 sterilitate.
3232 2372 3508 2430 Adversus
3532 2375 3656 2431 huic
3673 2392 3828 2431 mons

2215 2480 2379 2536 supra
2411 2465 2731 2531 Jordancm,
2759 2467 2914 2537 cujus
2959 2466 3244 2522 exordium
3273 2484 3302 2521 a
3328 2466 3545 2523 Jubade
3572 2477 3627 2523 et
3673 2470 3827 2539 plaga

2214 2558 2632 2628 septentrionali
2683 2560 2961 2630 assurgit:
3019 2560 3136 2628 ipse
3186 2567 3369 2615 autem
3422 2561 3716 2630 praetendit
3770 2561 3825 2617 in

2216 2653 2585 2711 meridianum
2612 2668 2782 2724 usque
2808 2654 2875 2707 ad
2909 2652 3174 2721 Sobaros,
3200 2651 3415 2709 Arabia:
3438 2653 3666 2709 Petrrete
3697 2669 3831 2709 con-

2218 2747 2504 2816 terminos,
2533 2748 2622 2802 ubi
2660 2748 2822 2803 etiam
2871 2762 3032 2803 mons
3058 2757 3161 2815 est,
3197 2740 3572 2804 usu’veterum
3618 2748 3832 2803 ferreus

2217 2853 2588 2911 nuncupatus.
2641 2840 2788 2897 Inter
2814 2841 2915 2897 hos
2967 2842 3109 2898 duos
3147 2855 3361 2898 montes
3389 2858 3617 2914 campus
3657 2845 3829 2912 jacet,

2215 2950 2379 3005 quem
2412 2946 2634 3006 propter
2659 2934 3111 3006 tttagnilttdinum,
3132 2934 3273 3005 quod
3303 2934 3359 2990 in
3391 2935 3565 2991 multa
3597 2937 3773 3008 spatia
3804 2934 3831 2973 (³

2217 3026 2482 3098 dirigatur
2513 3029 2707 3100 (veteri
2742 3027 2867 3101 usu)
2892 3028 3091 3085 incola:
3122 3028 3369 3098 Magnum
3390 3029 3830 3101 appellaverunt,

2218 3121 2375 3191 cujus
2419 3120 2705 3189 longitudo
2748 3120 2967 3191 triginta
2998 3130 3054 3177 et
3092 3122 3454 3178 ducentorum
3501 3123 3833 3191 stadiorum,

2141 3203 2188 3266 C
2219 3214 2449 3269 latitudo
2481 3227 2699 3270 centum
2726 3214 2942 3285 viginti.
2973 3215 3275 3272 Exordium
3307 3233 3336 3271 a
3356 3218 3477 3273 vico
3505 3217 3829 3286 Gennabar,

2220 3307 2340 3361 linis
2369 3322 2539 3378 usque
2568 3306 2635 3362 ad
2681 3307 3046 3377 Asphaltitem
3103 3308 3304 3365 lactnn.
3349 3309 3609 3365 Iordanis
3646 3326 3770 3364 eum
3810 3319 3834 3347 ε

2215 3399 2454 3454 medium
2484 3402 2777 3456 intersecat
2799 3415 3048 3469 campum
3073 3415 3180 3455 non
3208 3401 3383 3455 solum
3420 3400 3833 3463 inoﬂensa,scd

2214 3492 2375 3548 etiam
2403 3492 2655 3563 adjuncta
2699 3494 2875 3564 gratia
2905 3493 3267 3548 viridantibus
3294 3495 3433 3564 ripis
3477 3493 3716 3549 fluminis
3742 3496 3833 3550 al-

2213 3585 2450 3652 luvione,
2490 3595 2544 3641 et
2592 3585 3019 3642 succedentibus
3069 3585 3375 3657 Aspbaltite
3426 3595 3483 3642 et
3531 3586 3831 3644 Tiberiade

2215 3679 2377 3733 unius
2423 3680 2589 3734 fontis
2620 3720 2634 3743 ,
2695 3688 2752 3735 et
2794 3689 3025 3748 utroque
3077 3678 3309 3733 diversm
3336 3678 3618 3750 qualitatis
3671 3680 3820 3735 lacu.

2212 3769 2461 3843 Namque
2488 3770 2719 3827 alterius
2738 3786 2892 3841 aquae
2917 3786 3079 3840 sapor
3107 3770 3306 3836 salsus,
3333 3779 3387 3825 et
3413 3771 3626 3826 sterilis
3653 3786 3822 3840 usus;

2212 3862 2523 3919 Tiberiadis
2547 3876 2730 3920 autem
2761 3864 2934 3919 dulcis
2958 3875 3122 3934 atque
3148 3864 3424 3933 genitalis.
3452 3862 3602 3920 Sane
3620 3865 3677 3920 in
3709 3865 3827 3920 die-

2215 3955 2317 4011 bus
2341 3957 2548 4011 astatis
2575 3955 2899 4012 immodicus
2925 3971 3021 4027 per
3037 3958 3207 4028 spatia
3238 3958 3415 4029 campi
3444 3965 3714 4013 exa'stuat
3733 3974 3826 4012 va-

2213 4066 2336 4123 por,
2370 4052 2515 4108 unde
2567 4051 2915 4107 coalescente
2943 4050 3078 4107 vitio
3109 4051 3295 4106 nimias
3345 4051 3633 4119 siccitatis,
3658 4060 3823 4124 atque

2215 4150 2380 4205 lnnno
2406 4149 2560 4203 arida
2590 4147 2901 4216 corruptior
2926 4161 3042 4211 aer,
3076 4146 3418 4201 miserandas
3447 4147 3651 4202 accolis
3682 4162 3820 4201 con-

2216 4242 2329 4297 fieit
2351 4240 2723 4313 :egritudines.
2756 4239 2920 4295 Arida
2946 4247 3075 4295 sunt
3099 4239 3244 4295 enim
3273 4241 3455 4295 omnia
3478 4250 3679 4311 prmter
3695 4255 3821 4296 oras

2215 4335 2474 4393 fluminis.
2514 4336 2759 4406 Denique
2783 4335 2833 4389 in
2862 4333 3250 4391 remotioribus
3300 4336 3551 4403 aegrescit
3595 4344 3654 4389 et
3675 4333 3821 4389 fruc-

2214 4440 2302 4485 tus
2352 4430 2647 4494 arborum;
2676 4426 2945 4498 siquidem
2981 4437 3037 4482 et
3072 4426 3228 4496 copia
3256 4426 3496 4491 uberior,
3529 4435 3586 4482 et
3612 4426 3819 4481 Fructus

2216 4524 2516 4594 palmarum
2545 4520 2784 4589 Opimior
2810 4532 2916 4585 e5t,
2943 4518 3034 4590 qui
3058 4534 3222 4589 supra
3252 4517 3403 4589 ripas
3431 4516 3692 4575 Iordanis
3719 4516 3821 4573 ﬂu-

2214 4617 2374 4671 minis
2399 4614 2657 4686 gignitur,
2691 4613 2831 4667 alins
2857 4611 3020 4679 longe
3049 4611 3264 4666 exilior.

2778 4704 3010 4762 CAPUT
3066 4704 3231 4762 XVII.

2284 4804 2384 4861 Est
2404 4805 2736 4874 etiamjuxta
2758 4802 3018 4861 Hiericho
3037 4804 3226 4860 urbem
3246 4804 3366 4860 fons
3397 4802 3707 4870 abundans,
3736 4811 3820 4859 at-

2210 4916 2315 4972 que
2338 4899 2482 4955 idem
2516 4898 2735 4954 uberior
2758 4898 2822 4952 ad
2848 4905 3055 4966 potum,
3074 4898 3322 4969 pinguior
3351 4897 3418 4954 ad
3449 4898 3815 4971 irrigandum,

2210 5012 2371 5067 quem
2402 4993 2562 5051 Jesus
2587 4994 2733 5051 Nave
2778 4992 2997 5049 natione
3046 4991 3330 5057 Hebraaus,
3373 5007 3541 5047 manu
3578 4992 3814 5057 validus,

2211 5087 2446 5157 primum
2466 5086 2616 5158 genti
2643 5084 2842 5157 eripuit
2881 5083 3340 5141 Chanamnorttm.
3366 5083 3424 5137 1s
3450 5084 3508 5139 in
3543 5084 3818 5155 principio

2210 5184 2519 5251 corruptior
2574 5179 2792 5234 habitus
2824 5194 2888 5233 ac
2917 5177 3121 5234 sterilis
3151 5176 3220 5233 ad
3261 5177 3636 5249 generandum
3662 5218 3679 5244 ,
3719 5191 3816 5247 po-

2208 5275 2449 5330 tantibus
2494 5284 2549 5328 et
2578 5272 2696 5327 usui
2742 5286 2933 5343 parum
2981 5270 3234 5326 salubris.
3284 5268 3444 5325 Unde
3493 5279 3722 5340 rogatus
3747 5268 3818 5323 ab

2209 5368 2406 5423 incolis
2437 5367 2664 5422 Elisaz-us
2687 5363 2974 5438 propheta,
3008 5363 3260 5435 idemque
3308 5363 3439 5418 Eliae
3486 5362 3811 5431 discipulus,

2209 5469 2265 5517 et
2306 5470 2454 5516 tanto
2495 5471 2783 5516 successor
2832 5470 3173 5528 nequaquam
3232 5454 3489 5525 indignus
3519 5456 3804 5527 magistro,

2209 5558 2270 5607 ut
2310 5551 2697 5622 hoSpitalitatis
2748 5563 2862 5604 sua:
2908 5548 3223 5604 mercedem
3261 5547 3626 5617 relinqueret,
3674 5559 3811 5618 quos

2207 5684 2988 5832 pitius;
3268 5693 3321 5743 et
3348 5682 3809 5756 (humanis.

2284 5840 2308 5868 ⁶
2338 5827 2566 5884 Medius.
2589 5828 2668 5884 In.
