3964 6332
142 290 285 346 illi

1049 285 1319 345 HISTOR.
1361 285 1452 342 DE
1494 283 1771 343 EXCIDIO
1810 283 2080 343 HIEBOS.
2122 284 2328 344 URBIS
2372 278 2499 345 LIB.
2539 280 2631 343 IV.

3313 272 3459 343 etis

156 405 492 466 visitaverat,
520 400 674 465 locis,
699 410 757 457 et
800 400 1170 470 corruptelam
1227 416 1489 471 aquarum
1523 401 1753 467 levaret,
1785 406 1832 463 Α
1863 400 2012 456 cordi
2032 411 2117 453 est
2164 412 2375 471 patrum
2407 416 2473 455 ex
2493 399 2730 473 Egypto
2750 398 2778 438 ά
2810 400 3258 473 regredientium,
3292 419 3463 471 usipie

152 497 452 552 remedium
511 494 664 549 dedit
718 493 861 549 sicut
909 493 1219 564 Regnorum
1272 503 1428 549 vetus
1472 492 1754 561 Scriptura

154 590 366 656 edocet,
399 588 725 658 praecipiens
753 600 849 641 vas
903 585 1069 641 fictile
1092 600 1217 640 cum
1247 584 1364 640 sale
1394 584 1593 641 deferri
1625 583 1753 651 sibi,

152 682 296 752 quod
324 682 619 750 accipiens,
650 678 865 749 dejecit,
893 678 947 733 iu
978 677 1186 733 fontem
1216 678 1321 745 sal,
1354 686 1410 733 et
1437 676 1577 732 dixit
1607 695 1621 732 :
1653 675 1758 732 Sa-

155 776 271 828 uatu'
299 790 462 845 aqua:
488 774 636 839 istas,
662 784 708 827 et
731 788 836 826 non
867 773 964 825 erit
991 772 1046 825 in
1074 772 1155 825 Itis
1195 772 1442 837 metiens,
1472 786 1635 840 neque
1656 779 1757 823 ote-

153 869 266 922 rilis
286 869 353 922 ab
379 868 451 921 eis
480 883 499 921 :
531 877 577 919 et
616 876 813 920 sanata:
836 876 956 919 sunt
983 879 1156 934 aquae,
1212 862 1498 918 secundum
1526 862 1754 929 verbum,

153 960 349 1030 inquit,
388 957 567 1013 Eliswi
621 955 885 1028 praplietw
914 955 1007 1029 (IV
1054 956 1184 1026 Reg.
1218 972 1279 1022 ιι,
1309 954 1375 1010 21
1433 964 1479 1010 et
1518 954 1633 1026 22).
1672 955 1753 1009 Ex

156 1054 246 1111 illa
278 1053 462 1124 itaque
492 1051 768 1109 benedicti
790 1052 920 1107 salis
947 1050 1219 1107 inlusione
1238 1059 1554 1120 temperata:
1576 1065 1681 1118 aqu
1702 1069 1751 1114 ι’,

157 1157 515 1217 reserataque
567 1161 662 1201 ora
710 1146 898 1209 fontis,
946 1143 1268 1200 sanctificati
1319 1153 1448 1199 sunt
1493 1157 1755 1213 aquarum

157 1251 462 1304 meatus,ut
489 1240 768 1294 dulciores
792 1246 955 1309 potus
990 1252 1254 1292 venarum
1280 1236 1556 1305 scaturigo
1578 1232 1723 1289 eﬂun
1740 1264 1753 1275 -

157 1332 327 1397 deret,
355 1340 411 1387 et
439 1331 620 1385 omnis
642 1329 731 1384 illa
756 1329 1101 1385 dulcesceret
1115 1341 1379 1397 aquarum
1405 1324 1712 1382 amaritudo
1737 1340 1761 1411 ς.

160 1426 443 1483 uberiores
467 1429 670 1479 fruntus
694 1434 834 1479 terra
862 1423 1035 1477 daret.
1057 1421 1397 1479 Generandic
1413 1434 1632 1490 quoque
1662 1432 1750 1472 so-

154 1519 294 1576 bolis
317 1520 520 1589 Optima
562 1518 864 1583 successio,
920 1518 1121 1589 largam
1155 1516 1491 1588 posteritatis
1541 1514 1753 1584 copiam

155 1612 617 1676 subministraret,
652 1626 754 1667 nec
781 1610 1035 1665 deficeret
1065 1608 1322 1681 genitalis
1360 1624 1497 1678 aqua
1530 1625 1543 1660 :
1576 1615 1603 1643 τι
1629 1621 1753 1661 cum

156 1708 335 1764 divina
383 1707 556 1778 gratia
620 1721 718 1776 pro
762 1702 1036 1774 justorum
1096 1702 1346 1757 fidelibus
1388 1700 1584 1756 studiis
1613 1700 1751 1755 tanti

1858 494 1911 547 in
1945 503 2143 548 terram
2174 493 2619 563 repromissionis
2654 501 2906 563 repetere
2949 494 3270 563 vestigia,ut
3300 495 3344 546 si
3375 495 3462 548 cui

1857 582 1998 640 forte
2028 595 2212 641 nostra
2241 585 2295 639 in
2328 599 2521 639 manus
2566 585 2808 648 Veniant,
2836 600 2943 640 non
2974 597 3154 640 nostra
3179 586 3343 656 legat,
3363 585 3462 643 sed

1857 688 2069 748 patrum
2095 679 2322 749 relegat.
2344 679 2512 734 Dulce
2537 691 2621 735 est
2638 679 2781 735 enim
2798 681 2940 734 inter
2966 679 3233 749 majorum
3256 681 3463 736 versari

1860 771 2191 837 habitacula,
2227 780 2285 828 et
2306 780 2551 827 veterum
2577 772 2717 827 dicta
2743 772 2994 842 factaque
3032 787 3321 827 recensere
3349 786 3464 827 me-

1857 865 2031 921 moria
2057 907 2071 931 ,
2102 878 2266 937 atque
2292 881 2484 920 eorum
2533 866 2806 922 inhaerere
2836 866 3047 936 gratim.
3067 864 3176 921 Sed
3204 865 3318 935 jam
3345 865 3463 920 sive

1859 969 2135 1021 naturam.
2170 959 2288 1015 sive
2318 960 2641 1029 qualitatem
2668 975 2931 1030 aquarum
2963 958 3360 1029 exprimamus,
3392 973 3463 1015 ne

1860 1065 2049 1107 noster
2076 1068 2296 1123 quoque
2320 1055 2374 1107 in
2394 1068 2463 1107 eo
2489 1053 2612 1108 lacu
2636 1064 2660 1092 ε
2685 1053 3007 1125 projiciatur
3037 1053 3233 1123 stylus,
3260 1068 3329 1107 ex
3352 1068 3464 1124 quo

1857 1146 2041 1200 omnia
2089 1162 2450 1217 quaecumque
2502 1148 2802 1218 mergenda
2858 1148 3178 1217 putaveris,
3226 1148 3462 1203 viventia

1858 1245 2041 1291 tamen
2071 1238 2289 1292 resilire
2320 1238 2506 1309 opinio
2533 1246 2620 1293 est
2644 1256 2656 1292 :
2685 1247 2743 1294 et
2772 1240 3023 1310 quamvis
3057 1239 3421 1294 vehementer
3443 1280 3458 1306 ,

1864 1326 2061 1383 fallisa
2082 1369 2097 1394 ,
2131 1330 2317 1385 statim
2349 1331 2558 1386 excuti.
2592 1332 2743 1401 Aqua
2766 1332 2882 1401 ipsa
2910 1347 3092 1386 amara
3121 1341 3179 1387 et
3218 1333 3424 1387 sterilis
3446 1370 3463 1399 ,

1859 1423 1997 1479 nihil
2030 1424 2310 1493 recipiens
2347 1440 2608 1495 generum
2656 1426 2977 1481 viventium.
3012 1426 3254 1497 Denique
3290 1441 3467 1496 neque

1858 1518 2059 1587 pisces,
2095 1532 2273 1589 neque
2306 1526 2560 1573 assuetas
2590 1520 2747 1589 aquis
2774 1527 2830 1573 et
2863 1519 3013 1573 lanas
3045 1518 3327 1589 mergendi
3363 1532 3463 1572 usu

1856 1611 2062 1682 patitur
2102 1625 2256 1667 aves.
2291 1610 2591 1669 Lucernam
2626 1627 2914 1667 accensam
2948 1613 3129 1667 ferunt
3173 1611 3327 1683 aquis
3376 1626 3467 1667 su-

1858 1713 2170 1775 pernatare,
2197 1703 2317 1759 sine
2345 1703 2453 1759 ulla
2476 1705 2897 1759 conversatione
2919 1707 3194 1759 exstincto
3218 1704 3465 1775 demergi

159 1802 436 1873 propheta:
509 1797 985 1855 benedictionibus
1041 1795 1417 1866 aspiravisset.
1477 1794 1760 1849 Convertit
1789 1788 1837 1850 B
1866 1798 2073 1853 lumine
2107 1815 2123 1852 :
2155 1808 2209 1854 et
2241 1799 2488 1869 quamvis
2516 1799 2826 1855 demersum
2892 1810 3011 1854 arte
3034 1839 3049 1863 ,
3079 1799 3222 1871 quod
3274 1799 3421 1853 vivat
3449 1839 3465 1866 ,

153 1896 333 1968 itaque
360 1905 611 1950 naturam
639 1908 901 1963 aquarum
928 1890 995 1945 ad
1043 1904 1233 1961 preces
1257 1889 1534 1961 propheta:
1564 1887 1758 1945 caelos-

156 1990 224 2044 tis
270 1986 480 2043 oraculi
512 1985 814 2048 resultatio,
848 1983 1220 2051 continuoque
1269 1982 1612 2035 sterilitatem
1662 1978 1756 2034 de-

157 2083 308 2153 pulit.
336 2080 726 2137 fecunditatem
756 2075 969 2131 infudit.
1002 2075 1230 2145 Cmpere
1265 2074 1377 2129 illic
1408 2074 1756 2129 crebrescere

154 2175 538 2248 generationes
585 2169 891 2231 hominum,
936 2168 1141 2224 fructus
1190 2174 1484 2230 terrarum,
1539 2180 1758 2220 succus-

155 2283 257 2338 que
282 2265 311 2304 ι)
341 2281 637 2336 aquarum.
670 2271 797 2316 ante
840 2260 1061 2332 jejunus
1082 2270 1136 2314 et
1168 2275 1387 2315 amarus
1411 2258 1756 2314 internecarc

157 2360 347 2417 Solitus
379 2369 521 2420 sata,
555 2357 840 2424 tristiaque
891 2354 1189 2409 bibentium
1220 2369 1312 2408 ora
1341 2360 1621 2422 torquere,
1653 2352 1758 2406 fcr-

156 2455 405 2509 tilitatem
469 2452 609 2516 solo,
644 2447 953 2519 potantibus
984 2446 1305 2501 snavitatetn
1339 2444 1648 2511 infundere,
1699 2452 1759 2498 ut

157 2548 200 2602 si
225 2546 466 2602 breviter
492 2545 635 2601 culta
663 2542 945 2611 contingat
967 2540 1086 2609 plus
1120 2542 1310 2609 prosit,
1332 2553 1490 2608 quam
1522 2537 1611 2592 ubi
1639 2537 1760 2591 diu-

160 2641 261 2696 tius
291 2637 627 2709 irrigaverit.
675 2636 772 2690 Est
800 2633 946 2689 enim
987 2648 1125 2687 nova
1178 2632 1374 2703 gratia,
1405 2638 1463 2685 ut
1484 2631 1759 2701 profectus

159 2732 550 2790 redundantior
585 2731 678 2794 sit,
735 2729 823 2783 ubi
873 2741 1004 2782 usus
1045 2726 1265 2781 minor:
1300 2733 1355 2779 et
1383 2723 1472 2779 ubi
1524 2722 1759 2793 amplius

157 2831 437 2901 quisquam
498 2840 627 2881 usus
669 2823 853 2889 fuerit,
885 2822 958 2878 ibi
996 2824 1174 2876 minor
1205 2820 1412 2877 fructus
1443 2818 1552 2872 sit:
1584 2831 1760 2886 eoque

159 2923 277 2992 plus
300 2919 521 2975 cmteris
571 2916 811 2974 fontibus
849 2916 1011 2985 rigat,
1054 2913 1182 2984 quia
1214 2912 1295 2967 vel
1337 2912 1588 2981 exiguum
1640 2909 1759 2977 ejus

159 3014 391 3077 abundat
418 3013 486 3066 ad
517 3012 845 3066 ubertatem.
865 3007 1107 3076 Denique
1123 3019 1347 3074 campus
1379 3021 1501 3059 eum
1526 3003 1760 3057 circum-

156 3107 295 3178 jacet
319 3106 669 3176 septuaginta
702 3102 999 3159 stadiorum
1037 3105 1088 3156 iu
1120 3100 1537 3169 longitudinem,
1570 3097 1758 3168 viginti

1860 1892 2085 1957 difficile
2115 1892 2169 1949 in
2210 1891 2478 1961 profundo
2512 1892 2744 1948 haerere.
2792 1893 3040 1964 Denique
3071 1892 3465 1963 VeSpasinnum

1860 1985 2044 2041 ferunt
2070 1986 2402 2054 praecepisse
2424 1987 2645 2040 natandi
2674 1986 2891 2056 ignaros
2917 1985 3174 2041 revinctis
3215 1986 3467 2043 mattibul

1862 2077 1916 2132 in
1950 2076 2280 2147 profundum
2311 2077 2507 2146 dejici,
2543 2093 2749 2148 eosque
2776 2094 2971 2133 omnes
3005 2077 3152 2134 illico
3193 2093 3461 2148 superna-

1866 2179 2046 2236 tasse,
2080 2171 2233 2240 quasi
2257 2168 2449 2239 spiritu
2475 2172 2711 2240 quodam
2734 2171 2881 2226 venti
2916 2172 3123 2226 levatos
3146 2211 3161 2238 ,
3186 2181 3241 2225 et
3267 2171 3336 2225 ad
3367 2188 3463 2226 su-

1864 2265 2081 2333 periora
2106 2263 2155 2321 vi
2188 2277 2383 2333 magna
2424 2267 2672 2332 repulsos
2697 2263 2978 2323 restitisse.
3020 2263 3183 2321 Multa
3213 2262 3461 2323 fabulosa

1862 2354 1932 2411 de
1963 2356 2062 2410 hoc
2084 2357 2206 2410 lacu
2229 2356 2478 2426 plerique
2506 2358 2936 2425 aestimaverunt,
2966 2374 3087 2428 qua:
3118 2357 3277 2412 nobis
3307 2360 3465 2414 ine»

1863 2450 2031 2519 pertis
2054 2450 2286 2505 veritate
2311 2452 2411 2517 rei,
2434 2465 2685 2519 promere
2705 2467 2999 2521 numquam
3025 2450 3313 2507 censilium
3342 2450 3463 2515 fuit.

1861 2544 2073 2600 Mutare
2102 2544 2268 2600 etiam
2297 2553 2380 2599 ter
2403 2546 2453 2599 in
2486 2544 2574 2600 die
2597 2545 2838 2600 colorem
2870 2560 3028 2615 aqua:
3049 2586 3063 2610 ,
3097 2555 3152 2599 et
3180 2545 3246 2600 ad
3281 2546 3469 2602 radios

1858 2637 1992 2693 solis
2017 2637 2164 2690 varie
2197 2634 2472 2707 refulgere
2517 2653 2621 2691 non
2654 2637 2860 2706 placuit
2907 2652 3006 2708 pro
3053 2652 3187 2693 vero
3232 2638 3418 2705 locare
3444 2680 3459 2701 ,

1861 2745 1983 2784 cum
2014 2729 2086 2784 sit
2109 2729 2278 2798 ipsius
2307 2738 2333 2777 ε
2361 2744 2515 2800 aqua:
2549 2729 2700 2793 lacus
2725 2730 3014 2785 obscurior
3036 2732 3252 2787 caeteris
3280 2711 3459 2801 aquis,

1862 2829 1918 2876 et
1944 2821 2101 2891 quasi
2146 2822 2357 2876 adustre
2405 2820 2701 2891 praeferens
2743 2822 3184 2878 similitudinem.
3224 2824 3387 2883 Certe
3417 2826 3464 2880 si

1861 2914 1928 2968 ad
1964 2913 2173 2971 radium
2198 2914 2330 2971 solis
2361 2922 2417 2969 et
2448 2916 2563 2984 ipsa
2592 2915 2962 2986 resplendeat,
2998 2915 3136 2971 nihil
3163 2932 3385 2985 novum,
3410 2926 3471 2973 et

1863 3006 2017 3077 quasi
2052 3022 2150 3074 pro
2178 3006 2443 3085 miracqu
2467 3008 2827 3077 promendum
2853 3025 2867 3064 :
2892 3024 3015 3063 cum
3046 3009 3151 3065 hoc
3180 3025 3470 3073 commune

1864 3098 1939 3153 sit
1967 3098 2124 3169 aquis
2164 3099 2437 3153 omnibus.
2499 3098 2691 3170 Vagari
2745 3116 2909 3171 super
2964 3116 3135 3170 aquas
3190 3102 3472 3159 bituminis

162 3201 210 3254 in
244 3198 582 3254 latitudinem
630 3205 841 3267 patens.
892 3194 951 3250 lu
1004 3210 1071 3248 eo
1119 3194 1366 3248 mirabile
1392 3212 1420 3245 n
1474 3193 1757 3247 hortorum
1785 3180 1828 3243 Ε
1861 3193 2050 3265 glebas
2080 3203 2288 3249 certum
2329 3204 2415 3250 est
2445 3202 2567 3251 atro
2596 3196 2828 3267 liquore,
2862 3212 2998 3268 quas
3025 3196 3243 3265 scaphis
3266 3214 3464 3270 appro-

160 3292 377 3363 gratiam
406 3306 623 3355 cernas,
656 3288 807 3343 varia
864 3287 1162 3357 palmarum
1192 3300 1413 3356 genera,
1448 3294 1757 3353 tantamth

162 3384 495 3457 dactylnrum
524 3382 889 3448 dulcedinem,
917 3378 1148 3434 utniclla
1168 3378 1406 3433 deﬂuere
1433 3386 1585 3446 putes
1612 3374 1757 3431 haud

163 3480 366 3532 caneris
419 3477 699 3532 inferiora.
760 3473 901 3530 Sunt
940 3474 1105 3527 etiam
1157 3471 1266 3525 illic
1316 3468 1755 3541 priestantissimi

163 3586 314 3638 apum
339 3570 511 3626 fetus:
554 3584 655 3624 nec
687 3568 903 3629 mirum,
936 3565 1158 3620 ubitam
1188 3563 1419 3619 diversis
1448 3562 1758 3616 inhalantes

163 3659 398 3729 ﬂoribus,
430 3660 664 3730 paradisi
718 3673 915 3713 suaves
956 3656 1186 3712 fundunt
1215 3655 1435 3710 odores.
1466 3654 1582 3709 Illic
1627 3669 1760 3725 opn-

163 3754 460 3811 balsamum
486 3755 743 3825 gignitur.
776 3751 930 3819 Quod
961 3751 1082 3806 ideo
1098 3766 1222 3805 cum
1253 3748 1558 3818 adjectione
1587 3748 1758 3817 signi-

165 3849 404 3918 iicamus,
441 3847 565 3918 quia
596 3846 851 3916 agricola:
893 3845 1100 3899 cortice
1155 3852 1316 3897 tenus
1346 3841 1585 3911 virgulas
1620 3839 1758 3893 inci-

164 3942 309 4007 dunt,
345 3960 438 4000 eas
465 3943 520 3997 in
542 3942 737 4011 quibus
779 3939 1018 3994 balsama
1053 3947 1075 3975 α
1099 3935 1408 4007 gignantur.
1436 3941 1497 3988 ut
1522 3947 1620 4004 per
1639 3932 1760 3988 illas

166 4053 419 4093 cavernas
451 4036 708 4108 paulatim
738 4032 1013 4088 distillans
1064 4032 1257 4085 humor
1285 4043 1344 4083 se
1367 4026 1609 4097 colligat.
1656 4025 1761 4080 Ca-

164 4146 325 4187 verna
355 4134 536 4185 autem
578 4127 769 4184 Graeco
826 4125 1044 4180 nomine
1090 4124 1191 4182 ὀπὴ
1245 4120 1464 4175 dicitur.
1516 4117 1629 4173 Illic
1666 4132 1760 4189 cy-

167 4239 368 4295 preum,
394 4222 507 4278 illic
536 4218 927 4275 mirabolanum
958 4215 1105 4271 nasci
1128 4215 1326 4280 ferunt,
1354 4221 1408 4268 et
1438 4209 1543 4265 alia
1576 4210 1760 4265 istius-

167 4318 329 4383 modi,
357 4332 479 4389 qua:
506 4316 558 4369 in
589 4313 711 4369 aliis
756 4312 888 4367 locis
916 4309 1332 4379 haudquaquam
1390 4306 1756 4374 reperiuntur.

167 4407 312 4479 Aqua
334 4420 393 4464 ut
408 4418 608 4464 caetera
627 4404 884 4470 fontium,
905 4403 1015 4458 illic
1044 4413 1226 4457 tamen
1257 4400 1629 4471 praestantior,
1657 4411 1760 4451 aes—

169 4514 272 4558 tate
298 4503 511 4576 frigida,
542 4501 722 4558 hieme
753 4510 969 4569 tepens.
1014 4499 1119 4552 Aer
1173 4493 1410 4560 mollior,
1439 4499 1500 4547 ut
1549 4505 1759 4546 summa

1861 3288 2195 3357 piuquantcs
2235 3288 2531 3359 colligunt,
2568 3289 2763 3359 quibus
2801 3289 2853 3344 id
2904 3291 3149 3345 muneris
3177 3300 3261 3346 est
3303 3308 3315 3344 :
3351 3292 3466 3348 ha:-

1862 3397 1987 3437 rere
2008 3381 2109 3435 sibi
2143 3381 2315 3436 fertur
2343 3382 2610 3448 bitumen,
2637 3393 2697 3438 ut
2728 3382 2875 3439 ferro
2900 3384 3342 3455 haudquaquam,
3377 3387 3462 3442 vel

1861 3473 1963 3528 alia
1991 3485 2261 3544 prieacuta
2287 3474 2491 3529 metalli
2517 3477 2699 3545 specie
2724 3476 3020 3532 recidetur.
3046 3477 3307 3548 Sanguini
3334 3493 3467 3536 sane

1862 3566 2009 3621 cedit
2051 3567 2340 3622 mulierum
2364 3608 2377 3632 ,
2411 3582 2519 3638 quo
2548 3581 2822 3623 menstrua
2868 3568 3150 3623 solventes
3184 3568 3353 3624 levari
3387 3569 3466 3625 fe-

1860 3665 2075 3712 runtur.
2108 3656 2273 3725 Cujus
2300 3667 2503 3712 attactu
2532 3659 2617 3713 vel
2650 3662 2805 3713 urina
2839 3662 2932 3725 (ut
2963 3660 3225 3729 allegant,
3260 3662 3461 3730 quibus

1863 3751 2180 3819 experiendi
2229 3766 2360 3807 usus
2406 3750 2544 3823 fuit)
2596 3753 2916 3822 interrumpi
2966 3755 3213 3823 proditur
3257 3771 3272 3808 ε
3317 3755 3466 3811 utilis

1862 3852 2044 3897 autem
2076 3842 2142 3896 ad
2173 3856 2492 3912 compagem
2526 3844 2745 3897 navium
2787 3843 2960 3898 fertur
2983 3887 2997 3911 ,
3040 3854 3104 3900 .et
3143 3847 3468 3916 corporibus

1864 3934 2144 3989 hominum
2173 3935 2410 3990 salubris
2428 3935 2667 3990 admixta
2697 3934 3136 3993 medicamentis.
3160 3937 3468 4009 Longitudo

1862 4028 2017 4084 lacus
2048 4027 2166 4097 ejus
2194 4030 2365 4097 usque
2396 4026 2461 4081 ad
2500 4025 2704 4083 Zoaras
2733 4026 2955 4082 Arabiae
2986 4030 3238 4100 dirigitur
3277 4033 3471 4089 stadiis

1863 4122 2175 4191 quingentis
2218 4121 2497 4192 octoginta
2526 4138 2539 4173 :
2588 4121 2820 4176 latitudo
2848 4122 3040 4177 stadiis
3065 4133 3282 4179 centum
3306 4126 3466 4195 quin-

1864 4217 2141 4288 quaginta,
2162 4230 2333 4286 usque
2356 4216 2423 4271 ad
2450 4215 2625 4271 vicina
2644 4215 3035 4283 Sodomorum,
3068 4219 3158 4289 qui
3186 4219 3459 4289 quondam

1864 4309 2198 4365 uberrimam
2256 4309 2536 4379 regionem
2602 4308 2983 4365 inhabitabant
3033 4328 3047 4365 :
3096 4312 3462 4370 abundantem

1867 4402 2134 4457 fructibus
2156 4443 2173 4467 ,
2208 4401 2521 4457 distinctam
2555 4385 2774 4473 quoque
2816 4404 3045 4459 urbibus
3083 4405 3468 4476 splendidissi-

1865 4497 1993 4551 mis.
2026 4495 2184 4551 Nunc
2213 4506 2396 4551 autem
2422 4510 2486 4550 ea
2518 4496 2764 4551 locorum
2791 4495 3006 4551 deserta
3036 4538 3050 4559 ,
3088 4506 3250 4568 atque
3277 4509 3469 4554 exusta

168 4597 341 4653 hieme
374 4575 548 4652 lineis
617 4593 811 4649 incolae
862 4590 1076 4648 exuviis
1138 4598 1360 4644 utantur
1412 4584 1763 4642 indumento-
1787 4575 1840 4636 D
1866 4597 1994 4644 sunt
2021 4588 2299 4643 incendio.
2333 4587 2467 4642 Nam
2498 4603 2621 4642 cum
2651 4589 2836 4644 omnia
2880 4588 2992 4644 illis
3026 4591 3167 4645 Deus
3209 4605 3308 4646 suo
3340 4607 3470 4646 con-

168 4703 303 4744 rum.

728 4775 957 4834 CAPUT
995 4773 1185 4831 XVII].

239 4873 392 4931 Nunc
416 4874 733 4947 Asphahitis
769 4873 916 4928 lacus
934 4868 1252 4939 qualitatem
1281 4871 1613 4934 spectemus.
1643 4861 1726 4915 Me
1745 4888 1759 4899 -

170 4968 270 5023 lius
290 4982 373 5024 est
401 4970 543 5024 enim
562 4968 616 5023 in
636 4967 881 5022 locorum
909 4973 1153 5018 veterum
1175 4952 1759 5027 descriptionibus,ch

172 5071 487 5119 cancrorum
512 5063 906 5119 elementorum
936 5055 1226 5117 miraculo,
1254 5066 1417 5123 quam
1457 5050 1512 5105 iu
1543 5047 1760 5104 Judaeu-

171 5171 287 5212 rum
342 5157 697 5213 seditionibus
746 5152 947 5224 stylum
997 5163 1287 5217 occupare.
1341 5142 1619 5213 Siquidem
1661 5141 1759 5196 ista

173 5247 366 5320 ﬂagitia
388 5259 623 5304 mentem
646 5251 1004 5315 exasperant;
1031 5241 1121 5295 illa
1143 5238 1454 5294 demulcent
1493 5235 1758 5296 animum,

171 5342 291 5397 dum
305 5353 679 5408 recensentur,
697 5352 751 5397 et
767 5340 832 5394 ad
846 5336 1048 5393 veteris
1060 5332 1302 5388 historia:
1312 5333 1574 5385 revocant
1585 5324 1764 5395 cogni-

174 5437 393 5494 tionem.
414 5436 584 5495 Nobis
610 5445 790 5493 autem
834 5431 1035 5505 quibus
1061 5426 1322 5484 incultius
1348 5422 1625 5493 ingenium
1652 5428 1759 5484 est,

242 5587 267 5616 ⁸
293 5578 406 5635 Cui.
433 5577 603 5633 Buta.

237 5648 268 5688 δ
289 5633 438 5705 llanc
454 5662 639 5704 Vocem
666 5659 775 5702 non
792 5637 1039 5715 agnoscit
1068 5651 1175 5693 ms.
1202 5633 1280 5690 In.

247 5730 270 5759 ε
291 5718 633 5775 Generautur.
656 5717 733 5772 lu.

250 5786 278 5827 ἀ
307 5789 707 5863 Egredientium.
734 5787 811 5843 lu.

1867 4680 2082 4735 tulisset
2107 4693 2357 4744 munere,
2394 4693 2522 4734 arva
2551 4679 2764 4749 frugum
2797 4677 3003 4735 feracia
3028 4721 3044 4747 ,
3074 4691 3128 4735 et
3160 4681 3332 4737 vineis
3363 4697 3467 4739 ca:-

1866 4774 2105 4844 terisqne
2132 4772 2428 4829 fructuosis
2460 4773 2749 4829 arboribus
2775 4789 2869 4829 rus
2892 4777 3197 4842 consitum;
3232 4775 3463 4847 ingrati,

1864 4881 1967 4921 nec
2025 4880 2137 4935 prae
2189 4865 2361 4920 oculis
2409 4863 2677 4920 habentes
2730 4868 3029 4935 potentiam
3076 4867 3171 4924 Dei
3221 4873 3463 4941 summi,

1862 4956 2020 5029 quasi
2050 4974 2155 5013 non
2196 4956 2379 5012 omnia
2409 4966 2664 5012 cerneret
2689 4999 2702 5019 .
2733 4962 2920 5013 omnia
2967 4970 3342 5035 prospectaret
3368 4962 3468 5019 fla-

1864 5053 2018 5123 gitia,
2054 5052 2296 5123 nihilque
2327 5058 2476 5106 esset
2504 5049 2648 5120 quod
2683 5049 2834 5106 illum
2866 5052 3036 5107 latere
3067 5064 3157 5108 aut
3189 5057 3467 5124 pra-terire

1867 5156 2053 5216 posset
2084 5162 2098 5198 :
2129 5146 2198 5200 ita
2223 5144 2667 5213 intemperantia:
2705 5158 2818 5198 sum
2845 5144 3061 5214 probris
3090 5147 3323 5204 miscere
3349 5152 3472 5205 uui-

1865 5251 2026 5292 versa
2054 5252 2119 5292 ac
2155 5237 2402 5308 polluere
2446 5249 2701 5306 erepere,
2750 5235 2946 5306 quibus
2983 5238 3223 5295 divinam
3256 5253 3468 5299 traxere

1864 5329 2152 5396 oil‘ensam,
2187 5340 2239 5386 et
2264 5347 2369 5404 pro
2394 5329 2663 5385 scelerum
2691 5329 2865 5401 pretio
2902 5331 2971 5387 de
3000 5333 3143 5390 coelo
3183 5335 3469 5392 descendit

1866 5423 2029 5494 ignis,
2062 5424 2153 5495 qui
2177 5423 2461 5494 regionem
2493 5421 2642 5477 illam
2684 5433 2959 5480 exureret.
2993 5424 3244 5497 Quinque
3274 5427 3460 5499 itaque

1956 5568 1979 5597 °
2004 5561 2325 5616 Excutimur.
2360 5560 2432 5615 lu.

1954 5629 1978 5670 ί
2000 5631 2168 5688 llltsa.
2203 5633 2279 5687 In.

1953 5712 1981 5751 ι
2002 5700 2170 5774 Aqua.
2190 5700 2275 5758 lu.
