3964 6330
532 246 674 304 2H9

1778 256 1786 263 '
1830 249 2075 309 SANCTI
2113 251 2437 310 AMBROSII

3704 259 3842 315 2120

529 364 694 421 urbes
735 363 978 421 incensae
1001 403 1016 432 ,
1045 377 1276 435 quarum
1307 362 1496 419 umbra
1524 363 1773 436 quazdam
1819 376 1875 422 et
1915 368 2127 438 species
2156 376 2203 434 Α
2234 369 2358 424 culo
2390 368 2662 425 concessit
2705 386 2718 422 :
2751 367 3016 425 discissus
3061 376 3119 425 et
3162 368 3496 428 dilaceratus
3547 373 3842 438 sentibus,

529 458 582 512 in
617 458 812 512 favillis
840 458 1078 514 videtur.
1109 455 1315 513 Arsere
1347 467 1508 512 terra!
1535 499 1550 526 ,
1599 457 1795 515 ardent
1832 475 1984 530 aqua:
2011 502 2025 526 ,
2073 461 2127 516 in

529 551 726 623 quibus
748 550 987 606 ccelestis
1010 549 1148 620 ignis
1177 549 1421 621 reliquiae
1451 561 1942 621 recognoscuntur,
1967 561 2128 622 atque

528 646 707 702 adhuc
736 653 980 701 manent.
1013 642 1241 715 Spectes
1284 643 1394 700 illis
1422 645 1490 700 ad
1537 646 1779 716 speciem
1812 660 1971 716 poma
2005 645 2131 699 viri-

530 737 715 794 dantia
734 780 748 805 ,
784 737 1047 792 formatos
1073 753 1306 793 uvarum
1333 752 1608 804 racemos,
1651 747 1711 792 ut
1739 737 1938 794 edendi
1967 752 2130 808 gene-

529 839 654 887 rent
690 829 1067 901 spectantibus
1094 831 1453 899 cupiditatem
1483 848 1494 885 :
1520 831 1567 886 si
1595 845 1790 900 carpas
1811 871 1825 897 ,
1875 829 2132 885 fatiscunt

528 941 593 981 ac
624 926 976 981 resolvuntur
1040 924 1094 980 in
1149 925 1431 993 cinerem,
1481 925 1796 995 fumumque
1846 927 2125 990 excitant,

527 1017 684 1092 quasi
714 1017 891 1073 adhuc
921 1015 1173 1072 ardeant.
1224 1016 1350 1073 Hzec
1383 1028 1607 1088 propter
1637 1017 1902 1088 supplicia
1937 1017 2132 1088 impio-

526 1129 646 1170 rum
691 1113 760 1168 de
805 1111 1166 1169 Sodomitano
1215 1113 1495 1170 territorio
1542 1122 1858 1183 comperta,
1908 1113 2130 1169 silentio

524 1206 804 1262 obducere
829 1219 938 1260 non
972 1207 1236 1276 oportuit.
1267 1205 1362 1261 llis
1390 1206 1535 1261 enim
1564 1205 1841 1271 decursis,
1875 1221 2130 1262 remune-

525 1301 793 1358 rationem
824 1302 930 1373 piis
957 1301 1076 1358 fore
1107 1301 1349 1357 dubitari
1372 1317 1480 1357 non
1511 1309 1711 1373 potest.

1098 1415 1327 1473 CAPUT
1368 1414 1512 1471 XIX.

599 1510 966 1581 Vespasianus
992 1510 1178 1582 itaque
1207 1509 1456 1581 proxima
1479 1524 1709 1580 qumque
1735 1507 2131 1580 Hierosolymi-

527 1614 671 1660 tanae
705 1604 853 1660 urbis
897 1603 1122 1660 castella
1149 1603 1236 1659 vel
1275 1602 1493 1659 urbium
1539 1603 1874 1657 munimenta
1901 1642 1916 1666 ,
1947 1598 2130 1654 distri-

525 1701 658 1756 buto
696 1700 970 1755 exercitus
1012 1699 1244 1754 Romani
1292 1697 1379 1753 vel
1428 1695 1706 1752 sociorum
1746 1693 1992 1750 subsidio
2038 1708 2126 1748 re-

2233 460 2360 516 dum
2389 461 2642 517 formidat
2693 477 2722 517 a
2761 479 3031 534 quoquam
3077 463 3284 533 videri,
3339 481 3407 522 ne
3463 467 3844 538 proderetur:

2231 555 2430 612 deinde
2459 573 2582 612 cum
2610 573 2670 612 se
2697 557 3124 630 circumseptum
3158 558 3512 630 intelligeret,
3545 578 3615 616 ne
3647 575 3846 632 graves

2232 663 2408 720 poenae
2432 650 2804 722 exigerentur,
2835 665 3126 722 maganum
3163 652 3432 722 quoddam
3459 653 3566 710 sibi
3595 653 3673 709 de
3704 654 3847 724 ligno

2231 745 2472 814 paravit,
2507 755 2563 800 et
2610 744 2862 800 manibus
2893 745 3208 814 composuit
3232 746 3347 800 suis
3374 788 3388 813 ,
3443 761 3554 816 quo
3584 760 3647 801 se
3685 761 3847 802 neca-

2232 847 2336 892 ret.
2363 838 2430 892 Et
2457 837 2524 892 ad
2553 838 2782 893 libertos
2812 852 3112 894 conversus
3137 857 3149 892 ε
3174 838 3384 907 Qualis,
3417 839 3625 910 inquit,
3647 840 3845 895 artifex

2233 931 2498 986 moritur?
2543 940 2568 968 ³
2601 931 2790 1002 Itaque
2843 931 3233 987 acerliissimus
3285 931 3555 1001 parricida
3612 932 3846 1003 dignum

2232 1026 2445 1081 meritis
2468 1027 2580 1082 suis
2602 1027 2725 1082 vitae
2755 1027 2958 1082 exitum
2983 1027 3136 1093 tulit,
3170 1035 3229 1082 ut
3249 1026 3345 1097 qui
3369 1036 3601 1083 matrem
3623 1043 3700 1083 ac
3722 1043 3846 1083 suos

2232 1119 2545 1185 occiderat,
2579 1134 2682 1174 nec
2725 1120 2825 1174 sibi
2859 1128 3129 1190 parceret.
3162 1119 3305 1176 Vere
3335 1119 3512 1174 bonus
3539 1120 3706 1176 necis
3737 1136 3848 1175 suae

2231 1213 2453 1281 artifex,
2487 1213 2579 1284 qui
2611 1223 2956 1269 commentus
2985 1222 3102 1280 est,
3136 1221 3197 1268 ut
3241 1213 3323 1267 sic
3355 1211 3600 1283 periret,
3653 1229 3733 1268 ne
3765 1213 3842 1267 vel

2219 1324 2380 1382 .mors
2401 1323 2503 1363 suo
2530 1307 2738 1364 scelere
2762 1317 3001 1364 vacaret.

2820 1421 3056 1479 CAPUT
3097 1421 3240 1477 XXI.

2305 1517 2470 1572 Fama
2521 1517 2708 1588 itaque
2753 1515 3024 1571 interfecti
3065 1515 3292 1570 Neronis
3318 1523 3665 1586 praevenerat
3695 1527 3845 1569 more

2230 1610 2432 1681 ingenii
2464 1609 2682 1664 humani
2717 1627 2729 1662 :
2763 1609 2848 1664 cui
2873 1608 3009 1663 satis
3039 1617 3151 1674 est,
3184 1609 3273 1664 ubi
3296 1609 3480 1677 cupita
3512 1609 3838 1679 acceperit,

2232 1713 2429 1758 caetera
2461 1717 2570 1757 non
2614 1702 2898 1772 requirere
2925 1743 2940 1768 ,
2972 1701 3067 1756 sed
3109 1702 3290 1755 statim
3321 1700 3593 1771 dissipare
3619 1742 3632 1767 ,
3683 1709 3845 1770 atque

525 1793 748 1863 alebat.
781 1801 840 1848 ιη
875 1791 1104 1848 adverso
1145 1792 1250 1848 Sibi
1300 1791 1484 1846 omnia
1528 1796 1926 1861 cognoscerem
1951 1827 1965 1854 ν
2009 1801 2130 1857 (λειω
2165 1779 2208 1839 Β
2238 1797 2640 1869 inexploratum
2675 1797 2728 1851 in
2762 1796 2958 1866 vulgus
3001 1796 3219 1850 mittere
3267 1795 3412 1866 quod
3457 1795 3840 1850 delectaverit.

521 1897 650 1942 ante
674 1885 1056 1957 conspiratura
1087 1899 1273 1940 secum
1297 1883 1363 1938 ad
1398 1883 1603 1939 bellum
1632 1889 1825 1936 contra
1850 1879 2131 1934 Romanos

525 1979 825 2052 gerendum
873 1977 1303 2034 arbitrabantur.
1339 1975 1708 2032 Nihilominus
1749 1972 1919 2028 Lucio
1951 1970 2131 2026 Annio

525 2071 786 2128 Geresam
808 2071 1104 2140 destinato,
1127 2070 1344 2126 insidiis
1367 2071 1556 2126 urbem
1583 2069 1727 2140 cepit
1752 2086 1765 2122 :
1793 2067 1945 2123 mille
1965 2067 2127 2122 etiam

520 2165 752 2236 juvenes
784 2162 1094 2229 interfecit,
1145 2163 1346 2234 quibus
1398 2161 1689 2234 praeventis
1747 2170 2000 2231 exempta
2045 2167 2131 2215 est

525 2256 675 2329 fuga.
699 2257 907 2328 Captivi
937 2256 1156 2311 abducti
1185 2255 1440 2327 plurimi,
1472 2263 1635 2325 atque
1656 2254 1907 2309 universa
1938 2267 2128 2308 eorum

527 2353 856 2425 patrimonia
885 2368 914 2408 a
942 2351 1205 2409 militibus
1253 2353 1464 2408 invasa.
1500 2352 1783 2421 Prmcepto
1815 2349 1972 2404 ducis
2005 2363 2130 2419 pos-

526 2446 803 2502 sessiones
827 2461 947 2517 quaa
972 2455 1206 2515 reperta:
1235 2444 1471 2512 fuerant,
1501 2443 1894 2510 exurebantur,
1923 2441 2130 2512 rapina:

524 2539 930 2597 exercebantur
974 2538 1218 2594 licentia.
1251 2537 1554 2594 Vastabant
1593 2536 1825 2591 Romani
1871 2542 2129 2591 montana

525 2643 690 2705 atque
735 2631 1103 2704 campestria,
1135 2632 1335 2704 quibus
1387 2628 1888 2702 Hierosolymitana
1937 2627 2130 2683 civitas

525 2729 858 2785 circumfusa
887 2727 1033 2783 bello
1075 2725 1318 2796 undique
1348 2725 1597 2781 ardebat.
1627 2723 1740 2780 Nec
1762 2723 1941 2779 feriati
1973 2729 2132 2778 erant

526 2821 1012 2894 Hierosolymitani
1034 2835 1062 2875 a
1083 2835 1304 2876 suorum
1327 2834 1491 2876 sensu
1517 2817 1907 2889 periculorum,
1935 2817 2130 2886 quibus

525 2928 716 2971 omnes
741 2913 1024 2970 interclusi
1053 2923 1212 2968 erant
1243 2913 1454 2976 exitus,
1488 2927 1557 2968 ne
1582 2911 1705 2982 quis
1733 2909 1856 2981 fuga
1885 2910 2129 2981 periculo

525 3008 882 3064 eximeretur.
929 3005 1080 3061 Intus
1109 3005 1315 3061 malum
1364 3003 1718 3070 intestinum,
1765 3003 1899 3058 foris
1942 3003 2126 3058 clausa

526 3101 752 3168 omnia,
783 3115 961 3172 neque
1007 3099 1263 3156 manendi
1307 3098 1600 3167 voluntas,
1661 3113 1840 3167 neque
1885 3094 2124 3166 fugiendi

2235 1892 2346 1948 Nec
2389 1893 2562 1948 multo
2607 1901 2732 1961 post
2785 1900 2969 1946 tamen
3021 1890 3246 1947 Galbam
3299 1891 3551 1946 Romano
3609 1891 3842 1961 imperio

2234 2002 2476 2058 praeesse
2508 1987 2762 2041 innotuit.
2797 1985 2952 2042 Unde
3001 1986 3274 2040 sententia
3303 1986 3424 2040 novi
3463 1985 3738 2056 principis
3778 1984 3841 2040 dc

2232 2081 2379 2137 bello
2427 2081 2740 2136 Judmorum
2792 2081 3095 2147 sciscitari,
3149 2080 3485 2152 Vespasiano
3541 2081 3839 2137 consilium

2234 2175 2371 2242 fuit,
2414 2175 2676 2245 misitque
2726 2174 2908 2230 Titum
2963 2176 3130 2230 filium
3183 2185 3238 2230 et
3283 2191 3467 2247 regem
3518 2177 3835 2248 Agrippam.

2234 2267 2389 2323 Titus
2419 2267 2489 2322 de
2527 2267 2728 2322 Achaia
2760 2267 3057 2322 revertitur
3083 2309 3098 2333 ,
3129 2276 3446 2338 comperto,
3493 2268 3642 2338 quod
3675 2269 3836 2323 etiam

2233 2360 2402 2416 Galba
2436 2360 2668 2430 septimo
2709 2374 2898 2415 mense
2951 2374 3015 2413 ac
3058 2357 3148 2414 die
3192 2367 3485 2430 assumpta:
3541 2360 3834 2429 potestatis

2233 2465 2432 2510 exutus
2478 2452 2821 2524 insignibus,
2857 2467 3051 2522 poenas
3100 2450 3296 2507 luisset
3345 2453 3398 2506 in
3451 2450 3640 2506 medio
3688 2451 3835 2506 urbis

2234 2549 2376 2613 sinu,
2414 2546 2466 2602 id
2497 2555 2615 2614 est,
2651 2546 2896 2601 Romano
2927 2545 3046 2600 foro
3070 2587 3085 2611 ,
3112 2555 3164 2600 et
3195 2545 3339 2601 Otho
3364 2547 3644 2616 potiretur
3670 2546 3832 2600 rebus

2231 2639 2489 2696 secundis
2542 2653 2606 2694 ac
2654 2654 2915 2695 successu
2965 2638 3254 2709 imperiali.
3307 2639 3547 2710 Agrippa
3602 2639 3828 2695 Romam

2232 2732 2547 2798 contendit‘,
2592 2740 2652 2788 ut
2683 2731 2825 2801 apud
2875 2747 3072 2786 novum
3125 2731 3425 2801 principem
3457 2732 3668 2786 locaret
3713 2747 3831 2803 gra-

2233 2829 2386 2884 tiam.
2418 2827 2543 2883 Tito
2571 2826 2743 2896 pluris
2768 2829 2882 2881 visa
2915 2837 3001 2881 eSt
3037 2835 3277 2894 paternm
3315 2825 3532 2896 pietatis
3570 2841 3832 2880 reveren-

2234 2921 2304 2976 tia
2331 2962 2346 2987 ,
2389 2935 2551 2991 quam
2603 2920 2923 2990 principalis
2963 2919 3285 2988 potestatis,
3331 2919 3474 2990 quod
3520 2921 3828 2976 inconsulto

2233 3024 2386 3085 patre
2424 3015 2467 3068 si
2493 3013 2522 3052 ι)
2555 3013 2954 3084 praetenderet,
3005 3028 3073 3068 ne
3118 3013 3221 3084 ipsi
3247 3013 3464 3083 quidem
3497 3015 3826 3085 placiturum

2233 3117 2462 3178 putaret.
2511 3107 2672 3163 Certe
2725 3107 2906 3162 exitus
2956 3108 3140 3162 docuit
3171 3125 3185 3162 :
3216 3117 3522 3177 opportune
3565 3124 3697 3164 eum
3749 3125 3830 3165 reo

527 3207 646 3253 erat
672 3197 850 3268 copia.
888 3197 955 3252 Et
996 3196 1041 3251 Si
1073 3195 1162 3267 qui
1192 3209 1220 3248 a
1268 3194 1530 3249 Romanis
1570 3192 1784 3246 Veniam
1825 3188 2125 3259 ῑτθηεῖυὲίο
2153 3196 2199 3259 C
2229 3201 2395 3256 diisse
2426 3201 2493 3256 ad
2526 3209 2752 3271 patrem,
2790 3201 2953 3256 rebus
2975 3200 3128 3255 novis
3149 3243 3162 3265 ,
3194 3209 3245 3255 et
3271 3200 3537 3256 incertum
3567 3216 3682 3272 quo
3715 3218 3829 3257 vero

525 3297 902 3361 speraverant,
927 3304 956 3342 a
979 3287 1096 3344 suis
1122 3286 1305 3358 egredi
1339 3284 1791 3357 prohibebantur.

1134 3398 1362 3456 CAPUT
1394 3398 1517 3454 XX.

597 3495 906 3565 Regressus
933 3501 1053 3549 erat
1079 3491 1451 3563 Vespasianus
1482 3492 1534 3546 in
1564 3489 1752 3545 urbem
1781 3488 2087 3544 Cmsaream
2109 3527 2122 3552 ,

526 3598 585 3645 ut
615 3588 741 3645 inde
782 3587 1032 3644 Collectis
1073 3585 1328 3641 omnibus
1358 3585 1570 3640 viribus
1593 3583 1906 3638 adoriretur
1935 3581 2124 3636 lliero-

525 3684 872 3757 solymitanae
915 3681 1064 3738 urbis
1106 3681 1470 3738 obsidionem.
1517 3679 1865 3750 Nuntiusque
1906 3677 2124 3733 advenit

523 3792 724 3834 caesum
755 3775 1028 3833 Neronem
1074 3774 1239 3831 tertio
1289 3772 1504 3829 decimo
1553 3782 1746 3828 exacto
1795 3770 2004 3842 imperii
2038 3769 2122 3824 sui

522 3889 693 3942 anno,
721 3888 846 3929 cum
871 3871 982 3942 jam
1021 3870 1090 3927 de
1119 3886 1262 3925 anno
1292 3869 1545 3941 sequenti
1576 3877 1825 3924 octavum
1854 3865 1998 3922 diem
2028 3864 2126 3919 de-

520 3977 698 4041 geret.
729 3967 935 4038 Dignus
976 3981 1041 4021 ea
1087 3980 1249 4036 paena
1274 4007 1288 4032 ,
1321 3965 1415 4036 qui
1464 3979 1572 4020 non
1629 3963 1806 4018 solum
1840 3961 2000 4018 fidem
2035 3977 2124 4019 sa-

523 4060 774 4132 crilegio,
797 4060 1056 4131 pietatem
1089 4058 1407 4128 parricidio,
1433 4056 1745 4127 pudicitiam
1769 4058 1979 4112 incesto
2010 4057 2120 4111 vio-

520 4153 764 4218 laverat,
793 4151 890 4206 sed
931 4150 1104 4221 ipsam
1135 4163 1349 4220 quoque
1376 4157 1705 4220 potestatem
1751 4149 1982 4203 Romani
2014 4149 2117 4203 iut-

520 4245 696 4316 perii,
746 4241 902 4314 cuius
949 4242 1034 4297 vel
1065 4239 1244 4297 officia
1293 4241 1379 4296 vel
1430 4241 1648 4312 negotia
1698 4239 2120 4311 improbissimis

519 4338 845 4394 libertorum
883 4335 1260 4392 commiserat.
1289 4333 1426 4389 Cum
1457 4334 1604 4389 enim
1636 4337 1753 4403 ipse
1791 4333 1920 4388 nulli
1955 4333 2118 4389 fidem

517 4439 803 4494 servaret,
835 4443 1027 4485 omnes
1049 4436 1334 4498 suspectos
1362 4426 1600 4482 habebat
1627 4444 1640 4481 :
1671 4435 1726 4482 et
1752 4427 1873 4483 ideo
1902 4426 2122 4497 nequis-

516 4525 670 4582 simis
694 4523 1044 4597 Nymphidio,
1069 4533 1125 4578 et
1155 4521 1463 4579 Gemellino
1490 4524 1760 4593 praecipue
1787 4522 2116 4578 credendum

2229 3303 2443 3366 gerent.
2481 3297 2724 3368 Denique
2752 3299 2918 3354 etiam
2952 3296 3312 3368 Vespasianus
3339 3298 3536 3353 anxius
3560 3298 3630 3354 de
3666 3302 3828 3354 totius

2229 3390 2440 3460 imperii
2470 3390 2704 3446 Romani
2727 3407 2791 3446 ac
2818 3393 3007 3461 patriae
3033 3401 3172 3447 statu
3199 3434 3214 3458 ,
3249 3391 3454 3446 bellum
3499 3391 3788 3463 suspendit
3812 3435 3825 3458 ,

2227 3491 2389 3553 atque
2432 3494 2453 3522 ο
2489 3484 2775 3554 imperium
2803 3485 2976 3540 tenuit
3013 3500 3168 3540 suum
3191 3527 3206 3552 ,
3237 3483 3565 3555 posthabitis
3608 3501 3734 3556 qua:
3777 3486 3826 3540 in

2226 3574 2410 3630 Judtea
2440 3577 2806 3646 gerebantur,
2855 3593 2969 3648 prae
3003 3578 3168 3634 totius
3214 3592 3443 3632 summa:
3483 3592 3612 3633 cura
3645 3588 3704 3634 et
3743 3578 3824 3650 pia

2227 3683 2354 3739 erga
2385 3669 2617 3740 patriam
2651 3671 3039 3727 sollicitudine.

2816 3783 3040 3841 CAPUT
3082 3783 3250 3841 XXII.

2299 3878 2407 3934 Sed
2445 3879 2631 3936 Judcea
2667 3895 2774 3936 nou
2808 3880 3140 3947 feriahatur,
3189 3897 3308 3953 qua:
3351 3883 3569 3954 gravius
3616 3882 3821 3938 bellqu

2227 3969 2367 4027 inter
2391 3988 2519 4029 suos
2544 4015 2558 4040 ,
2585 3990 2748 4045 quam
2778 3973 3070 4030 adversum
3118 3981 3372 4030 externos
3401 3975 3649 4046 gerebat.
3693 3975 3819 4030 Nam

2225 4078 2345 4118 cum
2395 4063 2622 4121 Joannis
2665 4065 2834 4121 factio
2881 4075 3029 4122 esset
3075 4066 3472 4130 intolerabilis,
3528 4065 3819 4122 insurrexit

2226 4165 2493 4227 praeterea
2538 4157 2727 4214 Simon
2750 4199 2766 4227 ,
2796 4158 3022 4214 inferior
3053 4159 3270 4230 quidem
3317 4175 3532 4214 morum
3565 4159 3811 4230 improbi.

2225 4261 2335 4307 tate
2355 4291 2371 4316 ,
2403 4252 2500 4308 sed
2529 4252 2702 4308 forma
2730 4256 2982 4324 corporis
3009 4255 3181 4325 magis
3222 4253 3394 4310 fretus
3419 4253 3487 4309 ad
3529 4269 3696 4309 omne
3725 4269 3815 4308 au-

2224 4345 2459 4401 dendum
2502 4347 2676 4413 nefas,
2709 4357 2764 4403 et
2785 4347 3089 4403 latrociniis
3116 4347 3456 4404 assuefactus
3484 4347 3552 4402 ad
3587 4364 3742 4403 usum
3771 4355 3817 4400 et

2226 4446 2623 4496 tentamentum
2656 4439 3007 4511 flagitiorum.
3039 4438 3188 4496 Civis
3213 4449 3332 4495 erat
3360 4439 3713 4506 Geraseuus,
3746 4455 3817 4494 ro-

2225 4533 2417 4590 bustus
2439 4535 2466 4573 ά
2489 4537 2728 4606 juvenis,
2753 4552 2914 4607 quem
2938 4537 3193 4607 princeps
3219 4535 3565 4591 sacerdotum
3600 4537 3814 4590 Ananus

513 4616 754 4688 putavit,
785 4629 926 4687 quos
973 4615 1097 4671 vilis
1127 4613 1374 4671 conditio
1419 4613 1689 4670 obnoxios
1734 4613 1958 4670 fecerat.
2009 4613 2116 4670 Sed
2145 4596 2198 4656 D
2224 4596 2532 4698 ρετρυιεηξι
2564 4596 2788 4702 ριιοριειῖ
2825 4596 3080 4702 ηεηξιίιίεε
3111 4596 3416 4688 έοηιηιεηω
3444 4674 3460 4698 ν
3493 4631 3816 4703 pulsumque

513 4721 568 4768 et
591 4710 694 4782 ipsi
725 4709 1039 4780 exemplum
1071 4709 1416 4764 crudelitatis
1437 4708 1558 4779 ejus
1590 4708 1885 4779 aliquando
1916 4708 2117 4764 exhor-

511 4819 696 4861 ruere.
716 4803 925 4876 thuia
946 4801 1304 4859 eharissimos
1329 4801 1432 4857 sibi
1459 4817 1709 4872 quosque
1738 4803 2113 4869 interemerat,

513 4896 818 4954 cavendum
852 4897 907 4952 in
932 4910 993 4952 se
1021 4896 1149 4965 rati,
1183 4896 1485 4966 prmvenire
1508 4894 1801 4951 voluerunt
1829 4896 1973 4966 quod
2005 4913 2118 4952 me-

513 4989 757 5046 tuebant.
780 4988 967 5060 Itaque
989 4986 1135 5044 facta
1155 5001 1278 5043 cum
1301 4987 1516 5043 caeteris
1543 4990 1966 5059 conspiratione,
1992 5005 2117 5061 par-

511 5083 736 5140 ricidam
771 5083 1052 5140 deserunt.
1087 5082 1185 5138 Cui
1207 5082 1350 5138 enim
1382 5084 1688 5152 pareiturus
1715 5085 2114 5154 aestimabatur,

511 5176 605 5247 qui
636 5175 797 5230 matri
841 5191 949 5232 non
979 5173 1351 5246 pepercisset?
1377 5175 1639 5231 Desertus
1669 5193 1801 5247 ergo
1831 5177 1898 5233 ab
1931 5181 2111 5233 omni-

509 5269 611 5326 bus
639 5269 786 5336 suis,
815 5267 951 5340 fugit
995 5284 1061 5324 ex
1103 5269 1238 5324 urbe
1284 5283 1408 5324 eum
1440 5277 1678 5340 quatuor
1721 5269 1935 5327 libertis
1972 5274 2106 5328 suis.

509 5362 580 5419 Et
620 5377 745 5418 cum
787 5377 846 5418 se
893 5362 1074 5434 urgeri
1127 5361 1543 5419 imminentibus
1591 5363 1892 5434 eonjuratis
1947 5374 2109 5438 atque

503 5456 722 5530 agmine
765 5455 1002 5514 adverso
1030 5455 1274 5526 videret,
1321 5457 1375 5514 in
1405 5458 1780 5514 suburbanum
1811 5473 1906 5515 rus
1951 5460 2105 5516 clan-

575 5651 602 5681 ι
640 5641 751 5718 Ita.
772 5640 1020 5718 Ban.-—_
1039 5639 1187 5696 Nihil
1205 5638 1456 5718 equidem
1487 5644 1834 5718 mptaverim.
1861 5645 2103 5718 Scripse-

507 5713 752 5783 rit‘enjm
776 5713 947 5783 itaque
976 5715 1177 5783 Auctor
1199 5729 1296 5783 pro
1323 5722 1370 5768 et
1405 5714 1499 5769 ita.
1531 5713 1810 5775 GALLAND.

580 5780 607 5820 ά
648 5780 1001 5839 Ρετιοηάσνει.
1034 5780 1206 5839 Βλκιιέ

1020 6315 1422 6324 rei-
1507 6314 1551 6315 νή

2220 4737 2287 4777 eo
2315 4739 2474 4793 quem
2501 4724 2842 4781 inhabitabat
2865 4726 2986 4782 loco
3013 4768 3028 4793 ,
3057 4726 3112 4781 in
3141 4726 3277 4781 alias
3320 4725 3579 4796 regiones
3619 4741 3812 4782 concc-

2220 4814 2353 4870 dere
2382 4818 2580 4888 coegit.
2625 4819 2694 4874 At
2720 4818 2813 4874 ille
2835 4859 2850 4885 ,
2881 4819 2968 4874 cui
3002 4818 3186 4873 nullus
3213 4818 3357 4874 inter
3385 4819 3602 4890 quietos
3623 4830 3680 4875 et
3706 4834 3814 4875 mo-

2218 4908 2401 4966 destos
2433 4911 2586 4967 locus
2606 4953 2622 4980 ,
2653 4911 2885 4968 contulit
2915 4926 3037 4968 sese
3081 4911 3146 4968 ad
3196 4912 3469 4967 consortia
3499 4911 3810 4973 latronum,

2217 5003 2351 5073 ipsis
2381 5020 2598 5076 quoque
2628 5004 2680 5060 in
2710 5005 2977 5076 principio
3005 5014 3320 5076 suspectus,
3353 5018 3422 5058 ne
3447 5019 3544 5059 eos
3581 5005 3813 5059 factione

2217 5096 2680 5167 circumveniret;
2723 5099 2882 5156 facile
2913 5110 3099 5171 postea
3145 5114 3359 5155 morum
3390 5113 3451 5154 se
3497 5097 3700 5154 infudit
3729 5112 3811 5152 so-

2216 5191 2430 5248 cietate.
2459 5193 2830 5264 Populabatur
2856 5208 2977 5249 eum
3008 5194 3094 5249 his
3123 5208 3184 5249 ea
3212 5209 3332 5261 qua:
3369 5201 3556 5248 essent
3586 5192 3807 5246 finitima

2216 5283 2630 5352 munitionibus,
2659 5286 2801 5357 quod
2827 5285 2908 5341 illi
2938 5285 3198 5342 ulteriora
3235 5294 3423 5356 petere
3465 5300 3578 5340 non
3610 5299 3806 5356 prmsu-

2214 5376 2463 5444 mebant;
2497 5378 2592 5434 sed
2615 5379 2768 5450 quasi
2792 5378 2844 5434 in
2876 5379 3050 5436 foveis
3080 5379 3386 5445 latitantes,
3411 5377 3803 5434 insidiabantur

2210 5474 2744 5542 praetermeantibus,
2767 5473 2886 5531 sine
2905 5473 3018 5530 ullo
3038 5487 3294 5542 excursu,
3325 5470 3481 5544 quasi
3503 5469 3802 5529 domeStico

2283 5663 2306 5725 «ξ
2347 5651 2626 5725 Impetum.
2650 5653 2726 5711 Io.

2281 5719 2306 5758 ἀ
2347 5719 2585 5782 Inuenta.
2622 5726 2695 5781 ID.
