3964 6324
168 279 323 337 2121

1050 286 1319 348 HISTOR.
1362 290 1451 347 DE
1490 288 1773 347 EXCIDIO
1814 286 2083 347 HIEROS.
2127 289 2331 352 URBIS
2370 294 2501 352 LIB.
2544 296 2634 354 IV.

3348 307 3492 367 2M9.

168 398 1791 463 latrociniocontenti.IdSimon‘animiimmodicustolerare
1819 411 1869 471 Α
1900 404 2047 460 nium
2098 423 2217 478 qua:
2266 422 2393 466 sunt
2436 413 2488 466 in
2522 412 2761 485 IEgypto
2806 428 2835 470 a
2864 416 3090 475 vetustis
3131 419 3351 479 condita
3386 441 3398 477 :
3434 436 3495 480 ut

169 488 276 545 diu
293 492 559 562 nequivit,
574 493 840 567 brevique
855 497 959 553 sibi
973 499 1266 554 multorum
1280 500 1787 570 qutesivitmanum,

171 585 449 655 pollicens
463 590 635 644 servis
649 588 976 661 libertatem,
995 594 1180 650 liberis
1196 596 1441 665 prmmia,
1463 596 1687 667 perditis
1705 612 1790 653 re-

170 678 640 736 munerationem.
674 682 751 738 Ita
776 685 1175 743 confluentibus
1200 687 1452 758 plurimis
1475 688 1541 744 ad
1572 689 1758 760 deprac
1776 721 1789 733 -

172 771 350 828 dandi
404 773 705 844 licentiam,
740 792 1051 852 expugnare
1098 782 1469 849 munitiones,
1520 798 1790 854 occupare

173 866 400 923 urbium
424 868 653 939 populos
664 885 847 939 ausus,
873 873 1131 931 terribilis
1145 876 1396 931 omnibus
1418 886 1534 932 erat
1555 894 1570 944 ;
1601 892 1785 947 recep-

174 958 424 1013 taculum
478 960 583 1015 sibi
628 962 681 1017 in
714 965 866 1030 vico,
894 965 981 1020 cui
1032 982 1230 1023 nomen
1255 976 1281 1005 δι
1317 967 1501 1038 Ajacis
1557 984 1785 1033 murus,

172 1049 415 1122 paravit.
440 1049 666 1125 Jamque
697 1055 890 1126 viginti
920 1057 1162 1113 millibus
1192 1069 1526 1115 armatorum
1556 1060 1791 1130 stipatus

174 1144 510 1214 incedebat,
558 1164 682 1205 cum
733 1149 917 1207 subito
954 1160 1262 1209 metuentes
1305 1151 1789 1225 Hierosolymitani

118 1280 123 1285 η
175 1241 529 1311 quotidianos
554 1242 672 1312 ejus
695 1258 986 1314 processus
1013 1286 1029 1311 ,
1059 1253 1115 1300 et
1155 1245 1441 1301 adversum
1472 1262 1533 1302 se
1576 1246 1791 1302 futuros

176 1336 320 1401 rati,
350 1337 396 1392 si
426 1336 630 1392 diutius
664 1337 1066 1405 adolevissent,
1098 1339 1459 1395 succidendos
1497 1350 1787 1411 putarunt,

176 1429 579 1499 repentinoque
608 1445 841 1486 excursu
873 1432 1071 1486 armati
1117 1432 1398 1488 Simonem
1442 1432 1789 1489 adoriuntur.

176 1519 295 1576 Nec
318 1522 409 1576 ille
440 1522 690 1578 incautus
715 1533 879 1594 atque
904 1524 1199 1594 imparatus
1231 1524 1440 1580 insidiis
1471 1525 1659 1595 patuit,
1695 1525 1790 1582 sed

177 1616 399 1686 excepit
423 1615 798 1682 advenientes,
832 1626 887 1672 et
920 1617 1213 1688 plerosque
1244 1616 1411 1685 fudit,
1442 1618 1583 1674 alios
1613 1618 1792 1689 coegit

179 1707 236 1764 in
270 1708 461 1765 urbem
485 1724 610 1765 sese
637 1710 884 1779 recipere
913 1710 1058 1766 bello
1088 1710 1316 1781 fugatos.

746 1800 977 1857 CAPUT
1017 1801 1210 1857 XXIII.

258 1893 512 1950 Idumzeis
544 1909 763 1966 quoque
807 1909 1135 1969 congressus
1172 1898 1395 1968 aequalis
1434 1900 1663 1955 recessit
1687 1940 1702 1966 ,
1734 1909 1790 1957 et

178 1987 337 2057 quasi
383 1987 559 2042 victus
586 2030 601 2054 ,
646 1988 770 2053 quia
802 2004 911 2043 non
944 1988 1149 2045 vicerat
1191 1990 1519 2062 angebatur.
1574 1993 1788 2049 Rursus

179 2093 308 2135 cum
362 2081 826 2152 congrediendum
867 2082 1042 2149 foret,
1085 2086 1427 2141 commodius
1490 2086 1788 2144 arbitratus

180 2172 315 2230 dolo
340 2173 598 2241 experiri,
620 2177 825 2245 reperit
844 2185 1203 2246 spontaneum
1227 2177 1435 2233 fraudis
1457 2179 1787 2236 ministrum.

183 2264 320 2321 Nam
346 2265 438 2321 ubi
455 2267 793 2324 intellectum
809 2278 914 2337 est,
943 2269 1070 2341 quid
1094 2269 1505 2344 istefali'ectaret,
1530 2273 1784 2341 Jacobus,

186 2356 330 2413 un‘its
352 2374 419 2414 ex
443 2358 778 2430 principibus
806 2360 1187 2427 Idumaeorum,
1215 2362 1366 2418 vafer
1391 2373 1447 2419 et
1467 2364 1695 2420 callidus
1720 2364 1789 2421 ad

188 2452 508 2523 hujnsmodi
536 2456 750 2526 negotia
773 2496 788 2523 ,
816 2457 966 2511 venit
995 2456 1063 2511 ad
1105 2457 1383 2514 Simonem
1416 2458 1705 2527 clanculo,
1736 2468 1793 2517 et

188 2544 389 2601 obtulit
436 2546 626 2616 patriae
674 2564 787 2604 suae
835 2549 1223 2620 proditionem.
1278 2550 1349 2606 Ut
1400 2550 1560 2607 fidem
1592 2552 1788 2619 daret,

189 2635 337 2707 quod
390 2637 673 2694 universos
728 2639 998 2696 Idumaeos
1050 2640 1506 2708 circumveniret,
1553 2643 1793 2713 postula-

192 2736 360 2798 taque
391 2730 644 2786 mercede
672 2729 871 2787 futurae
917 2732 1200 2789 societatis
1242 2749 1349 2805 quo
1390 2734 1709 2805 potissimus
1737 2743 1793 2792 et

192 2822 338 2894 apud
364 2838 487 2879 enm
520 2823 817 2883 fidissimus
861 2826 1040 2894 foret,
1089 2828 1381 2899 pollicetur
1413 2830 1790 2888 universorum

191 2915 558 2985 proditionem
587 2936 599 2973 :
626 2921 877 2976 convivio
903 2919 1168 2977 foederata
1194 2922 1366 2993 gratia
1399 2922 1792 2995 promissisque

195 3005 505 3079 ingentibus
523 3010 763 3068 Simonis
784 3013 998 3069 firmata
1016 3014 1157 3070 inter
1175 3022 1465 3086 utrumque
1481 3025 1565 3071 est
1592 3017 1790 3085 pactio.

196 3103 303 3160 Ubi
334 3104 399 3160 ad
426 3121 554 3161 suos
580 3107 875 3164 revertitur
898 3108 1136 3165 Jacobus
1160 3150 1177 3177 ,
1202 3109 1414 3179 jactare
1447 3110 1624 3180 primo
1657 3125 1792 3179 pau-

1894 499 2057 553 etiam
2083 499 2376 571 Memphim
2394 544 2409 571 ,
2441 521 2561 576 qum
2588 506 2961 577 antiquissima
2987 511 3221 570 habetur
3242 558 3257 581 ,
3309 527 3492 587 postc-

1893 588 2096 646 riorem
2136 593 2379 665 plerique
2410 597 2745 653 existiment.
2780 599 2959 657 Fuere
2988 605 3183 671 etiam,
3217 609 3307 676 qui
3340 608 3493 665 habi-

1897 690 2041 738 tasse
2066 683 2118 737 in
2146 700 2209 738 ea
2240 696 2450 756 patrem
2484 688 2757 745 Abraham
2783 691 3073 760 dixerunt,
3109 707 3299 766 postea
3326 715 3490 771 quam

1893 772 1962 829 de
1988 774 2379 846 Mesopotamia
2427 780 2602 850 Syria:
2645 782 2925 852 profectus
2948 828 2963 851 ,
2992 785 3290 859 Egyptum
3338 792 3497 862 petiit

1895 866 2149 939 ﬁliosque
2195 871 2315 942 ejus
2358 872 2471 928 illic
2520 876 2830 945 sepulcrum
2878 880 3077 937 habere
3127 883 3494 952 pulcherrimo

1894 968 2229 1016 exstructum
2254 979 2527 1021 marmore
2549 974 2604 1021 et
2623 982 2789 1038 opere
2808 970 3235 1042 elegantissimo.
3260 976 3494 1047 septimo

1894 1066 1924 1107 a
1955 1051 2174 1109 civitate
2219 1058 2417 1112 stadio.
2460 1059 2827 1117 Terebinthus
2877 1063 2990 1119 illic
3034 1082 3226 1136 magna
3268 1070 3432 1125 arbor
3461 1085 3492 1123 a

1893 1148 2282 1205 constitutione
2306 1152 2493 1207 mundi
2518 1153 2685 1210 fuisse
2706 1166 3072 1213 asseveratur.
3104 1159 3257 1215 Nunc
3288 1171 3490 1229 tamen,

1896 1248 2077 1292 utrum
2111 1240 2289 1297 adhuc
2316 1254 2554 1309 maneat,
2584 1247 2848 1304 incertum
2880 1250 3039 1305 nobis
3070 1264 3173 1307 est.
3208 1254 3336 1310 inde
3370 1272 3493 1325 pro-

1894 1330 2184 1401 grediens,
2235 1336 2484 1391 vastabat
2533 1338 2843 1407 territoria,
2893 1345 3239 1413 expugnabat
3292 1346 3492 1413 urbes,

1894 1428 2257 1497 congregabat
2286 1431 2513 1499 populos
2535 1473 2550 1499 ,
2585 1432 2944 1503 quadraginta
2975 1437 3214 1492 millibus
3252 1450 3493 1493 armato-

1895 1535 2015 1576 rum
2033 1522 2288 1593 stipatus,
2312 1524 2633 1581 exinanibat
2655 1530 2837 1584 omnia
2860 1545 3206 1603 quocumque
3229 1534 3311 1588 vel
3335 1534 3491 1604 quasi

1895 1616 2105 1671 amicus
2130 1626 2184 1672 et
2214 1619 2398 1675 socius
2428 1633 2756 1677 accesserat.
2791 1624 2922 1693 Quis
2956 1626 3101 1681 enim
3132 1628 3285 1683 locus
3317 1637 3499 1685 tanto-

1896 1722 2017 1763 rum
2063 1718 2381 1779 suppeteret
2423 1712 2737 1769 alimentis?
2767 1716 2895 1771 Solo
2943 1718 3143 1787 pedum
3175 1721 3407 1792 vestigio
3441 1723 3495 1777 in

1821 1808 1871 1868 Β
1898 1799 2115 1855 modum
2148 1802 2439 1870 pavimenti
2472 1806 2890 1874 proterebantur
2920 1810 3195 1880 universa,
3224 1814 3276 1868 in
3300 1813 3496 1884 quibus

1892 1897 2076 1948 tantus
2102 1895 2426 1951 constiterat
2456 1912 2716 1953 numerus
2747 1900 3142 1970 praeliatorum.
3172 1903 3285 1962 Nec
3312 1907 3492 1961 solum

1891 1984 2219 2056 quicumque
2267 1996 2384 2043 erat
2416 1988 2624 2045 fructus
2654 1992 3004 2050 auferebatur
3027 2037 3042 2063 ,
3076 1998 3227 2068 quasi
3270 1999 3498 2069 quibus-

1892 2075 2018 2131 dam
2068 2093 2265 2135 exesus
2314 2080 2584 2150 locustis,
2624 2083 2720 2139 sed
2766 2086 2928 2140 etiam
2958 2088 3010 2142 in
3057 2097 3337 2159 posterum
3369 2105 3496 2161 pro-

1893 2174 2016 2229 trita
2061 2176 2258 2233 humus
2308 2177 2518 2234 fructus
2571 2181 2822 2249 negabat.
2875 2182 3144 2240 Terrebat
3184 2185 3494 2258 Joannem,

1890 2273 2034 2343 quod
2066 2274 2303 2330 Simonis
2333 2276 2633 2346 augebatur
2661 2279 2927 2347 potentia,
2959 2288 3015 2334 et
3040 2281 3207 2337 totius
3234 2282 3490 2339 factionis

1893 2367 2029 2422 socii
2070 2368 2482 2438 quatiebanlur.
2537 2369 2810 2425 Volebant
2856 2372 3160 2442 perditum,
3207 2375 3301 2429 sed
3353 2376 3501 2432 bello

1892 2471 2001 2513 non
2032 2458 2307 2515 audebant
2334 2460 2631 2517 lacessere.
2669 2459 2871 2517 Iterum
2902 2463 3130 2519 insidias
3161 2476 3354 2536 parant
3381 2509 3396 2533 ,
3441 2477 3498 2523 et

1893 2550 2211 2607 obsidentes
2239 2553 2432 2609 itinera
2460 2594 2475 2619 ,
2504 2569 2728 2608 uxorem
2755 2553 2875 2624 ejus
2906 2571 3026 2611 cum
3053 2559 3202 2612 omni
3231 2559 3494 2615 comitatu

1893 2644 2172 2712 muliebri,
2196 2653 2251 2700 et
2282 2645 2470 2716 paucis
2492 2645 2732 2700 virorum
2762 2648 3211 2716 prosecutoribus
3238 2651 3456 2721 rapiunt
3483 2671 3494 2706 :

1888 2734 2169 2805 jactabant
2198 2750 2281 2801 se,
2322 2736 2479 2807 quasi
2509 2750 2727 2791 omnem
2757 2738 3123 2796 confecissent
3169 2742 3456 2799 victoriam
3477 2785 3493 2811 ,

1895 2842 1958 2884 ac
1983 2829 2133 2885 velut
2173 2829 2350 2898 ipsum
2391 2830 2668 2886 Simonem
2700 2840 2917 2900 captum
2962 2842 3247 2904 tenerent,
3286 2837 3499 2907 suppli-

1893 2932 2145 2978 caturum
2166 2923 2267 2979 sibi
2300 2922 2729 2978 arbitrabantur.
2760 2923 2830 2978 At
2858 2925 2951 2980 ille
2980 2926 3149 2982 durus
3170 2968 3186 2993 ,
3233 2928 3457 2984 immitis
3480 2971 3498 2999 ,

1894 3015 1986 3085 qui
2038 3015 2239 3071 nullius
2289 3016 2487 3071 affectu
2518 3027 2997 3084 commoveretur,
3055 3018 3191 3074 nihil
3246 3030 3493 3076 sanctum

1895 3122 2155 3164 earumve
2179 3108 2435 3174 haberet,
2470 3106 2838 3163 inﬂammatur
2860 3109 3018 3180 quasi
3049 3120 3271 3181 accepta
3301 3112 3495 3183 injuria

193 3200 433 3255 cioribus
458 3203 650 3272 coepit,
677 3202 1020 3273 exploratum
1052 3204 1388 3273 processisse
1422 3205 1568 3261 vires
1596 3203 1793 3261 adver—
1818 3189 1863 3253 C
1897 3200 2079 3271 potius
2126 3214 2285 3271 quam
2315 3209 2503 3271 erepta
2556 3202 2765 3269 ενδῑίτις
2804 3203 3083 3273 multoque
3126 3205 3322 3260 εωνίοΐ
3366 3220 3494 3276 Era-

192 3292 495 3361 sariorum,
539 3294 743 3352 vidisse
783 3296 1017 3352 validam
1072 3311 1290 3352 manum
1319 3339 1335 3365 ,
1382 3306 1635 3368 expertos
1666 3297 1791 3353 belli

190 3386 347 3440 viros
374 3426 388 3452 ,
415 3386 823 3444 multitudinem
868 3389 1159 3444 maximam
1184 3429 1199 3454 ,
1232 3398 1290 3444 et
1335 3388 1480 3445 bello
1512 3390 1793 3459 insupera-

195 3476 363 3533 bilem
411 3495 426 3533 :
466 3476 494 3517 δ
543 3479 747 3536 inferre
790 3480 1051 3552 paulatim
1110 3495 1419 3537 sermonem
1483 3480 1793 3536 istiusmodi

190 3571 533 3643 principibus
580 3591 595 3630 :
644 3584 925 3646 postremo
976 3573 1266 3631 infundere
1319 3587 1340 3614 ο
1393 3589 1490 3647 per
1535 3590 1792 3632 numeros

191 3663 377 3734 ipsum
406 3664 687 3723 Simonem
707 3666 999 3724 admodum
1021 3676 1301 3723 strenuum
1320 3708 1334 3734 ,
1355 3668 1448 3738 qui
1467 3668 1619 3739 regio
1640 3681 1792 3723 more

191 3758 498 3813 exercitum
531 3758 899 3829 instituisset,
939 3760 1159 3816 ordines
1200 3769 1482 3827 servaret,
1528 3774 1789 3819 numeros

190 3848 516 3906 distributos
542 3850 803 3920 haberet,
835 3853 1093 3910 ductores
1130 3852 1357 3910 idoneos
1387 3853 1723 3924 praefecisset
1774 3872 1787 3907 :

191 3943 485 4000 consulere
528 3946 631 4001 sibi
676 3946 943 4004 Idumaeos
987 3957 1280 4019 oportere,
1318 3958 1375 4003 ut
1416 3947 1577 4004 talem
1612 3948 1789 4003 virum

190 4037 429 4093 amicum
461 4039 643 4110 potius
674 4055 835 4112 quam
867 4042 1080 4097 hostem
1112 4041 1517 4112 experirentur.
1550 4040 1714 4097 Certe
1736 4042 1790 4096 in

190 4144 492 4201 congressu
530 4133 866 4202 superiorem
894 4134 1174 4201 viderent,
1216 4133 1475 4189 cederent
1499 4133 1619 4188 sine
1649 4135 1794 4202 peri-

190 4222 346 4288 culo,
369 4234 626 4281 caverent
645 4227 914 4296 prtelium.
941 4226 1044 4284 Ubi
1070 4228 1425 4299 plurimorum
1447 4226 1706 4282 inclinata
1736 4227 1789 4281 in

185 4317 518 4375 sententiam
541 4333 696 4375 suam
726 4320 903 4377 studia
930 4323 1223 4394 cognovit,
1256 4322 1453 4379 edocto
1480 4321 1703 4378 Simone
1732 4329 1793 4376 ut

188 4407 250 4465 in
280 4408 452 4464 aciem
494 4410 767 4480 prodiret,
802 4427 1029 4469 securus
1057 4411 1253 4469 futura:
1280 4413 1639 4485 dispersionis
1669 4412 1792 4469 ldu-

188 4517 459 4558 macorum
500 4520 515 4558 :
547 4503 640 4562 ille
671 4520 779 4561 non
807 4507 1019 4563 distulit
1045 4525 1058 4562 :
1085 4508 1175 4564 hic
1206 4508 1356 4564 velut
1398 4510 1789 4579 antesignanus

1897 3294 2122 3365 viorque
2142 3293 2407 3365 gravibus
2434 3294 2822 3359 excruciabat,
2854 3310 2989 3365 quos
3020 3296 3359 3365 reperiebat,
3387 3308 3497 3352 tor-

1894 3386 2116 3443 mentis.
2144 3386 2425 3458 Plerisque
2452 3401 2643 3441 manus
2668 3386 2972 3455 incidebat,
3005 3404 3141 3460 quos
3169 3390 3237 3445 ad
3282 3390 3494 3446 hostem

1896 3487 2145 3535 truncato
2192 3493 2425 3549 corpore
2469 3478 2783 3535 remittebat
2842 3488 2899 3534 ut
2944 3480 3062 3551 ejus
3109 3486 3498 3541 annuntiarent

1894 3571 2294 3638 crudelitatem,
2330 3572 2670 3627 insinuarent
2697 3572 2929 3640 minari,
2958 3572 3102 3643 quod
3135 3591 3324 3631 muros
3353 3577 3489 3632 sub-

1895 3672 2163 3728 verteret,
2195 3664 2386 3719 urbem
2415 3662 2730 3729 excideret,
2765 3663 2869 3717 nisi
2901 3663 3002 3719 sibi
3028 3664 3183 3721 ocius
3212 3681 3348 3722 uxor
3372 3683 3498 3739 pro-

1894 3756 2015 3829 pria
2045 3756 2449 3812 restitueretur.
2496 3753 2762 3810 Similiter
2793 3769 2987 3810 manus
3017 3765 3072 3810 et
3109 3757 3319 3814 viscera
3345 3771 3496 3816 trun-

1895 3860 2144 3907 caturum
2200 3848 2472 3915 omnibus,
2516 3847 2608 3918 qui
2645 3848 2783 3902 intra
2819 3848 3008 3902 urbem
3042 3849 3343 3920 degerent,
3388 3853 3492 3907 nisi

1895 3955 2107 4003 mature
2133 3944 2555 4002 consuluissent.
2586 3942 2663 3997 Ita
2687 3942 3093 4012 perterrefacti,
3119 3959 3343 4000 uxorem
3375 3947 3493 4014 ejus

1893 4040 1963 4096 ad
2014 4054 2140 4095 eum
2179 4038 2462 4108 dirigunt:
2496 4049 2605 4106 quo
2655 4033 2934 4105 mitigatus
2978 4034 3133 4089 furor
3176 4035 3325 4105 ejus,
3390 4038 3496 4093 ali-

1893 4140 2155 4205 quantum
2183 4125 2569 4199 requiescendi
2595 4126 2809 4197 copiam
2839 4126 3041 4182 clausis
3072 4125 3251 4195 dedit,
3287 4137 3345 4184 ut
3384 4144 3492 4186 non

1894 4232 2111 4296 urgeret
2137 4219 2477 4277 obsidionem
2505 4217 2744 4274 civilem.

2459 4311 2690 4369 CAPUT
2730 4311 2924 4369 XXIV.

1966 4411 2077 4469 Nec
2118 4412 2297 4469 solum
2341 4408 2514 4466 Galba
2564 4406 2879 4473 interfecto,
2922 4408 3019 4463 sed
3066 4408 3229 4466 etiam
3279 4411 3496 4468 Othone

1895 4506 2185 4571 exstincto,
2235 4501 2434 4558 Vitellii
2493 4499 2723 4554 ducibus
2770 4499 3275 4570 congredientibus,
3328 4518 3489 4574 quem

186 4610 317 4651 cum
348 4596 462 4653 suis
484 4638 499 4662 ,
529 4609 584 4653 el
628 4601 781 4671 quasi
826 4602 895 4656 ad
942 4601 1295 4671 prgliandum
1326 4603 1666 4675 promptior:
1696 4602 1786 4659 ubi
1812 4589 1867 4650 Β
1892 4599 2202 4655 Gallicanus
2264 4593 2542 4650 exercitus
2597 4601 2883 4648 creaverat
2956 4593 3362 4663 imperatorem.
3420 4596 3492 4651 ΕΙ.

185 4688 499 4746 ferentariis
543 4701 806 4749 tentatum
853 4696 1096 4765 praelium
1146 4696 1314 4764 vidit,
1363 4698 1680 4770 priusquam
1735 4698 1789 4753 in

190 4796 393 4837 manus
429 4785 763 4858 veniretur,
820 4803 1087 4844 converso
1126 4804 1268 4869 equo
1312 4788 1453 4860 fugae
1500 4788 1649 4845 dedit
1679 4804 1738 4845 se
1773 4808 1787 4845 :

184 4874 335 4930 idem
380 4877 463 4932 sui
514 4877 713 4937 fecere.
760 4880 838 4936 ita
866 4883 1170 4949 convertit,
1221 4882 1594 4956 dispersitque
1643 4883 1791 4940 acies

182 4973 495 5040 universas,
529 4985 582 5030 et
614 4977 897 5033 victoriam
930 4977 1139 5034 Simoni
1177 4978 1297 5035 sine
1325 4979 1630 5035 certamine
1659 4977 1790 5033 belli

183 5063 431 5119 tradidit.
464 5066 652 5123 Simon
681 5085 812 5126 vero
849 5072 1053 5141 potitus
1082 5079 1244 5127 tantae
1270 5072 1448 5143 gentis
1475 5070 1782 5140 triumpho,

182 5154 514 5211 insolentior
561 5160 612 5214 in
658 5173 889 5218 caeteros
948 5164 1159 5231 factus,
1207 5163 1464 5220 Chebron
1514 5171 1785 5218 vetustam

180 5245 381 5302 urbem
406 5289 421 5314 ,
450 5250 720 5307 celebrem
757 5254 972 5325 populis
995 5297 1010 5323 ,
1044 5270 1207 5326 cpum
1235 5255 1488 5322 divitem,
1521 5266 1649 5310 ante
1693 5271 1789 5310 ex-

179 5346 493 5410 spectatum
525 5343 702 5415 cepit,
739 5346 1069 5418 multamque
1100 5347 1153 5401 in
1192 5361 1259 5402 ea
1284 5345 1523 5417 prmdam
1559 5345 1786 5416 reperit,

180 5428 393 5501 dirupit
416 5432 621 5491 lructus
651 5437 972 5494 uberrimos.
1002 5440 1196 5495 Fertur
1216 5440 1361 5495 enim
1387 5438 1784 5507 antiquissima,

181 5538 297 5581 non
332 5527 507 5583 solum
532 5528 833 5587 Palaestinae
862 5533 1075 5588 urbium
1105 5534 1325 5597 civitas,
1353 5531 1449 5588 sed
1479 5530 1641 5587 etiam
1670 5546 1790 5587 om-

261 5651 287 5678 λ
319 5639 729 5719 Josephtts,]ib.
759 5664 791 5703 v
816 5649 885 5703 de
902 5647 1038 5703 Bell.
1061 5647 1190 5702 Iud.
1211 5664 1333 5719 cap.
1358 5647 1412 5715 7,
1438 5646 1587 5702 hunc
1612 5645 1791 5701 vicum

182 5710 306 5771 Aim
328 5710 784 5783 appellanBann.

259 5783 289 5823 ι)
331 5781 590 5843 Inserere.
617 5787 693 5844 In.

716 5863 995 5924 ΡΑτιιοι.
1053 5862 1195 5925 XV.

1894 4693 2073 4764 primo
2119 4687 2336 4759 quidem
2386 4684 2686 4742 certamine
2730 4682 2980 4754 superior
3006 4686 3147 4742 Otho
3193 4688 3340 4742 visus
3371 4698 3488 4744 est:

1892 4782 2126 4855 repetito
2153 4789 2279 4852 post
2327 4778 2471 4835 diem
2523 4777 2745 4848 praelio,
2790 4792 2912 4833 cum
2960 4781 3321 4849 comperisset
3350 4782 3493 4837 Otho

1893 4876 2111 4934 Valenti
2162 4884 2218 4931 et
2270 4871 2541 4929 Caecinnaa
2592 4870 2799 4927 Vitellii
2859 4872 3150 4929 comitibus
3211 4874 3490 4932 victoriam

1892 4970 2161 5035 cessisse,
2232 4965 2501 5037 plurimos
2564 4977 2779 5033 quoque
2854 4977 3077 5019 suorum
3132 4965 3487 5036 interfectos,

1895 5062 2091 5125 Brixia:
2120 5060 2330 5130 positus
2352 5098 2367 5124 ,
2399 5055 2705 5112 voluntaria
2736 5069 2868 5110 ncce
2897 5057 3098 5125 eripuit
3134 5070 3194 5112 se
3224 5058 3492 5127 ludibrio,

1894 5155 2109 5211 duobus
2134 5152 2330 5208 diebus
2354 5160 2408 5206 et
2431 5149 2601 5205 tribus
2626 5156 2833 5202 tantum
2871 5148 3151 5203 mensibus
3185 5164 3368 5205 rerum
3398 5166 3497 5222 po-

1890 5251 2042 5305 titus.
2077 5246 2265 5303 Victor
2304 5244 2487 5315 itaque
2512 5241 2799 5308 Vitellius,
2834 5254 2956 5295 cum
2988 5256 3054 5295 eo
3098 5242 3188 5311 qui
3219 5244 3495 5315 utrimque

1892 5340 2238 5413 superfuerat
2266 5337 2509 5393 exercitu
2532 5376 2549 5402 ,
2575 5334 2805 5389 Romam
2834 5333 3135 5389 contendit.

2466 5427 2697 5484 CAPUT
2740 5426 2908 5484 XXV.

1962 5525 2330 5598 Vespasianus
2359 5531 2491 5578 tunc
2518 5510 2783 5591 temporis
2811 5520 3088 5592 profectus
3117 5535 3185 5576 ex
3215 5521 3350 5577 urbe
3376 5522 3491 5579 Cac-

1974 5654 1998 5682 ε
2040 5643 2147 5698 Per
2171 5641 2457 5695 uniuersos.
2490 5638 2568 5694 In.
2598 5668 2669 5681 —-
2695 5638 3009 5710 Legendum
3041 5638 3183 5695 forte
3208 5655 3301 5709 per
3334 5641 3491 5697 innu-

1898 5732 2086 5773 meros.
2109 5715 2388 5772 GALLAND.

2838 5846 2919 5906 30
