3964 6324
490 276 629 333 21-ὶό

1847 266 2094 333 SANCTI
2131 264 2462 332 AMBROSII

3653 263 3793 330 2124

481 411 665 459 sarea,
706 391 948 448 vastabat
995 391 1273 457 Iudaeam,
1320 398 1575 445 montana
1623 391 1804 445 omnia
1848 389 2074 445 finitima
2108 397 2155 457 Α
2185 389 2482 446 firmiorem
2509 396 2950 445 exsecrarentur.
2986 391 3171 462 ltaque
3201 389 3387 448 Simon
3420 405 3485 446 ex
3512 395 3791 447 sententia

486 496 543 544 et
587 487 914 541 munitiones
955 482 1290 538 debeliabat.
1331 481 1700 538 lnterficiebat
1729 482 2083 538 resistentes:

492 578 839 650 precantibus
877 575 1219 645 impertiebat
1247 575 1463 631 veniam
1493 575 1687 629 salutis
1712 591 1724 627 :
1754 574 1968 646 fugabat
1989 573 2086 629 ad-

496 673 802 733 versarios,
843 668 1211 725 constituebat
1250 684 1398 723 suos.
1445 667 1686 724 Cerealis
1725 683 1938 738 quoque
1981 667 2091 722 dux

494 768 722 823 Romani
743 766 1018 824 exercitus
1046 781 1168 820 cum
1207 766 1446 836 equitatu
1481 765 1829 835 percurrebat
1861 767 2048 820 omnia
2071 805 2086 830 ,

497 861 875 932 exstinguebat
921 859 1090 926 alios,
1146 859 1285 915 alios
1335 860 1698 930 subjiciebat:
1754 859 2090 929 captivorum

496 956 724 1025 cogebat
763 955 1017 1025 agmina:
1045 954 1227 1010 omnia
1258 954 1401 1008 circa
1441 953 1869 1026 Hierosolymam
1902 967 2096 1009 exure—

498 1047 713 1112 bantur,
742 1063 809 1103 ne
839 1046 1007 1101 ullum
1039 1046 1241 1102 Judaais
1269 1055 1416 1102 esset
1440 1047 1768 1116 perfugium.
1802 1045 1893 1101 Sic
1921 1045 2094 1100 inter-

497 1142 634 1197 clusi
677 1150 804 1196 ante
852 1141 1192 1196 obsidionem
1239 1139 1481 1194 universi
1527 1138 1734 1194 Judaeis
1784 1139 1980 1193 exitus.
2027 1138 2099 1194 At

499 1233 577 1290 illi
610 1248 715 1288 non
765 1236 943 1289 solum
987 1248 1095 1288 non
1126 1231 1488 1288 consulebant
1515 1229 1648 1296 sibi,
1681 1229 1776 1286 sed
1813 1232 1977 1286 etiam
2003 1229 2100 1284 do-

490 1327 718 1381 mestico
742 1326 884 1380 inter
907 1340 969 1380 se
996 1324 1368 1380 decernebant
1396 1323 1717 1378 certamine.
1743 1321 1980 1377 Joannes
2013 1322 2098 1374 in-

493 1417 662 1473 terior
706 1428 996 1488 tyrannus;
1051 1417 1244 1472 Simon
1297 1424 1714 1470 extramnranus
1754 1413 1961 1468 hostis:
2007 1413 2098 1484 qui

503 1521 720 1579 recepta
782 1524 994 1575 uxore,
1057 1510 1330 1578 paulisper
1397 1522 1726 1573 excurrens,
1803 1507 2098 1562 ldumaaam

504 1599 896 1670 depopulatus,
951 1599 1179 1654 validior
1234 1599 1415 1666 redit,
1479 1609 1534 1654 et
1587 1599 2102 1670 Hierosolymitanas

506 1708 693 1750 muros
747 1693 897 1748 urbis
945 1692 1113 1746 armis
1164 1690 1630 1746 circumsonabat.
1679 1689 1918 1745 Joannes
1958 1690 2103 1744 intus

2193 483 2472 552 ingressus
2494 525 2508 548 ,
2542 497 2698 553 aeque
2725 499 2787 538 se
2828 483 3035 538 hostem
3073 483 3368 540 exhibebat
3398 485 3710 541 universis:
3743 494 3797 539 ut

2193 588 2247 634 et
2276 579 2400 633 illos
2426 578 2518 648 qui
2548 587 2909 644 vocaverant,
2935 587 2990 635 et
3013 580 3142 635 illos
3175 581 3463 637 adversum
3506 597 3647 652 quos
3678 582 3798 653 ejus

2196 671 2455 726 auxilium
2491 672 2821 741 postulatum
2868 673 3082 739 fuerat,
3124 674 3397 730 communi
3440 685 3637 730 omnes
3669 676 3797 730 odio

2199 773 2636 834 persequeretur.
2672 763 2701 802 ι’
2748 763 2988 836 Urgehat
3031 765 3272 822 Joannes
3317 764 3604 822 fraudibus
3644 767 3798 828 suis,

2199 856 2492 912 llucluabat
2527 857 2738 913 civitas.
2767 856 3061 914 Certamen
3105 865 3226 914 erat
3265 859 3408 915 inter
3435 855 3702 916 Joannem
3748 865 3804 916 et

2200 949 2476 1007 Simonem
2494 993 2508 1015 ,
2541 952 2662 1022 quis
2688 953 2920 1021 amplius
2949 954 3062 1007 suis
3087 963 3334 1009 noceret.

2763 1045 2995 1104 CAPUT
3043 1045 3234 1104 XXVI.

2275 1139 2388 1195 Sub
2417 1154 2479 1195 ea
2512 1147 2835 1209 tempestate
2864 1141 3136 1195 convaluit
3181 1155 3367 1195 rumor
3397 1140 3636 1196 civilium
3681 1140 3805 1194 bel-

2206 1233 2382 1288 lorum
2433 1234 2487 1288 in
2537 1235 2784 1290 exercitu
2820 1233 3100 1298 Romano,
3149 1233 3218 1289 de
3259 1233 3446 1290 Galba:
3487 1242 3543 1289 et
3571 1233 3808 1288 Othonis

2206 1340 2340 1382 nece
2389 1326 2768 1381 manifestatus
2802 1335 2857 1381 et
2903 1326 3135 1395 imperio
3165 1325 3399 1392 Vitellii,
3443 1327 3536 1396 qui
3573 1326 3812 1397 nequior

2205 1421 2613 1490 superioribus,
2646 1421 2802 1491 quasi
2834 1419 2933 1476 faex
2975 1422 3291 1476 resedisset.
3318 1421 3584 1478 Conferre
3619 1437 3806 1477 secum

2208 1513 2412 1567 veteris
2443 1513 2648 1568 militia:
2680 1513 2780 1568 viri
2809 1528 3045 1584 coepere,
3070 1522 3125 1567 et
3155 1513 3374 1584 indigne
3397 1513 3562 1579 ferre,
3599 1524 3807 1570 tantum

2209 1619 2474 1674 usurpare
2517 1606 2879 1660 Praetorianas
2920 1605 3109 1660 Roma:
3142 1605 3411 1674 legiones,
3450 1615 3508 1660 ut
3546 1621 3670 1662 cum
3701 1608 3807 1674 iatn

2209 1696 2480 1752 bellorum
2539 1698 2920 1753 desuevissent
2969 1699 3204 1767 experiri
3258 1699 3534 1768 pericula,
3590 1701 3812 1754 nomina

512 1790 740 1854 ttOSiluS.
772 1805 901 1844 suos
929 1789 994 1842 ad
1022 1788 1227 1844 bellum
1250 1787 1396 1842 vitiis
1424 1786 1734 1850 exercebat,
1759 1785 1884 1839 data
1915 1785 2102 1840 crimi-
2138 1807 2185 1868 Β
2213 1790 2528 1861 ignorarent
2581 1793 2824 1862 gentium
2881 1795 3000 1857 qua:
3059 1793 3260 1848 belltnn
3311 1803 3626 1859 moverent,
3681 1796 3814 1864 ipsa:

508 1896 634 1940 num
664 1881 1002 1936 auctoritate.
1043 1879 1348 1935 Fervebant
1390 1877 1568 1932 studia
1601 1875 1944 1946 rapinarum,
1979 1892 2106 1947 pro-

508 1973 730 2028 brorum
783 1973 1140 2042 cupiditates,
1201 1973 1432 2027 luxuria:
1472 1972 1800 2035 eiiusiones,
1855 1985 2105 2042 unguen-

509 2076 689 2121 torum
733 2067 962 2132 odores,
1013 2077 1069 2122 ct
1115 2069 1446 2124 calamistris
1485 2070 1800 2141 crispabant
1838 2069 2102 2140 capillos,

509 2160 672 2215 stibio
695 2161 883 2215 oculos
912 2161 1299 2231 depingebant,
1334 2163 1660 2219 muliebrem
1690 2166 1945 2221 amictum
1969 2173 1995 2200 α
2025 2163 2108 2218 ln-

509 2253 768 2310 dnebant.
797 2252 907 2308 Nec
937 2255 1112 2308 solum
1143 2263 1368 2309 ornatus
1409 2256 1733 2313 feminarum
1757 2299 1770 2320 ,
1804 2257 1900 2314 sed
1941 2257 2108 2312 etiam

510 2348 795 2403 muliebris
824 2347 1049 2403 mollitia
1079 2348 1459 2416 aii‘ectabaturt
1490 2360 1542 2406 et
1581 2352 1888 2407 illicitarum
1922 2352 2107 2406 libidi-

511 2460 636 2498 num
679 2443 995 2513 passiones,
1028 2443 1130 2498 viri
1161 2443 1444 2498 muliebri
1476 2459 1764 2507 exercere.
1798 2443 2110 2498 ell'eminare

511 2551 698 2592 vocem
718 2577 732 2600 ,
767 2545 822 2590 et
851 2535 998 2589 fluxu
1027 2537 1274 2604 corporis
1305 2551 1495 2591 sexum
1527 2536 1855 2599 dissolvere,
1886 2548 2110 2605 pascere

508 2644 743 2691 comam,
778 2629 981 2682 vultum
1009 2628 1288 2692 dealbare,
1341 2628 1619 2696 pumicare
1649 2640 1818 2698 genas
1834 2627 2110 2694 ,vellicare

511 2723 795 2778 harbulam
819 2763 833 2788 ,
867 2733 922 2778 et
968 2721 1022 2777 in
1055 2723 1157 2777 hac
1185 2722 1546 2777 dissolutione
1590 2723 1854 2777 saevitiam
1880 2720 2113 2776 crudeli-

507 2815 634 2869 tatis
663 2829 922 2870 exercere
961 2813 1381 2868 intolerabilem.
1421 2814 1664 2882 Denique
1710 2813 1882 2868 fracto
1921 2825 2112 2883 gressu

512 2907 870 2972 incedebant,
898 2913 954 2962 et
977 2907 1157 2961 subito
1191 2907 1559 2961 momentaoei
1596 2907 1888 2962 bellatores
1918 2921 2114 2960 recon-

509 3000 654 3055 ditos
694 2999 795 3052 sub
833 2997 1192 3069 conchyliatis
1238 2997 1616 3066 chlamydibus
1663 2999 1875 3067 gladios
1927 2999 2115 3052 occul-

508 3101 688 3147 tantes
704 3133 719 3156 ,
753 3106 876 3146 cum
922 3100 1149 3160 repente
1174 3089 1493 3156 nudassent,
1514 3105 1873 3161 quaecumque
1897 3106 2116 3160 repere-

2214 1891 2396 1938 tamen
2419 1892 2730 1939 statuerunt
2754 1884 2877 1940 belli
2913 1886 3300 1954 imperatorem
3327 1903 3340 1940 :
3370 1885 3499 1940 etin
3525 1900 3623 1940 sua
3653 1901 3814 1941 manu

2211 1993 2393 2034 rerum
2427 1979 2794 2033 Romanarum
2827 1978 3118 2050 legendum
3161 1979 3425 2035 arbitrum
3462 1991 3483 2017 ο
3514 1980 3817 2036 constitue-

2212 2082 2356 2126 runt.
2390 2071 2596 2127 Deinde
2646 2071 2957 2142 hujusmodi
3001 2072 3252 2144 exemplo
3297 2073 3350 2127 in
3380 2073 3558 2127 Gallia
3606 2073 3816 2142 positos

2213 2164 2414 2218 milites
2460 2161 2823 2233 aspiravisse,
2873 2172 2932 2217 ut
2971 2163 3191 2219 Vitellio
3241 2164 3533 2233 imperium
3580 2163 3814 2228 darent,

2211 2255 2523 2310 inconsulto
2571 2265 2762 2310 senatu
2813 2265 2869 2310 et
2915 2257 3116 2326 popqu
3168 2255 3448 2320 Romano;
3493 2270 3552 2310 se
3606 2256 3816 2332 interea

2214 2351 2366 2420 quasi
2395 2351 2763 2406 mercenarios
2793 2350 3018 2417 haberi,
3046 2350 3134 2419 qui
3163 2349 3342 2404 aliena
3371 2349 3596 2405 arbitria
3625 2365 3818 2420 seque—

2215 2454 2440 2498 rentur:
2479 2443 2684 2512 primos
2709 2443 2776 2496 ad
2807 2443 3142 2512 periculum,
3167 2443 3233 2497 ad
3265 2442 3530 2498 honorem
3561 2443 3812 2506 ultimus,

2215 2544 2365 2590 tanto
2423 2543 2667 2605 tempore
2715 2535 2918 2590 bellum
2963 2549 3189 2606 gerere,
3242 2535 3533 2604 triumphis
3578 2535 3819 2605 quotidie

2219 2629 2594 2684 crescentibus
2619 2628 2688 2683 ab
2711 2628 3062 2683 inferioribus
3092 2629 3345 2683 dominos
3369 2630 3650 2698 accipere;
3680 2637 3733 2684 et
3753 2645 3818 2684 ne

2215 2725 2312 2778 eos
2343 2723 2560 2792 quidem
2607 2723 2804 2787 utiles,
2840 2719 2935 2777 sed
2978 2705 3064 2777 vel
3110 2722 3494 2793 ignavissimos
3536 2737 3815 2792 quosque,

2214 2815 2301 2869 vel
2330 2796 2504 2868 ventri
2531 2813 2744 2868 deditos
2774 2821 2828 2868 et
2854 2815 3210 2882 turpitudini:
3242 2813 3577 2884 pergendum
3607 2815 3820 2868 obviam

2215 2915 2271 2960 et
2297 2905 2688 2961 removendam
2732 2906 2982 2976 injuriam
3011 2922 3023 2959 :
3050 2921 3170 2962 esse
3193 2906 3292 2960 sibi
3320 2907 3496 2960 virum
3536 2917 3820 2961 strenuom

2216 2998 2608 3071 Vespasianum
2631 3041 2646 3066 ,
2669 3016 2830 3070 quem
2862 2999 2967 3070 legi
2996 2999 3245 3055 decuerit
3273 3000 3340 3054 ab
3364 2999 3620 3055 omnibus
3648 3001 3822 3071 impc-

2218 3099 2494 3156 ratorem;
2526 3094 2626 3146 :evi
2651 3100 2924 3147 maturum
2947 3092 3014 3147 ad
3044 3093 3438 3147 censulendum
3459 3135 3473 3158 ,
3503 3090 3824 3150 validiorem

512 3194 664 3249 rant,
688 3181 1068 3242 diloricabant.
1101 3181 1203 3250 Qui
1233 3181 1511 3237 Simonem
1537 3193 1821 3247 evaserat,
1852 3199 1880 3236 a
1907 3182 2117 3238 Joanne
2143 3192 2188 3256 ο
2217 3184 2526 3253 junioribus
2555 3184 2622 3240 ad
2665 3186 3055 3255 prasliandum:
3091 3183 3491 3256 properandum
3526 3186 3822 3252 maturius,

516 3277 969 3343 interficiebatur,
1011 3275 1056 3330 si
1104 3289 1163 3330 se
1202 3275 1343 3328 intra
1395 3273 1583 3329 urbem
1638 3275 1976 3344 recepisset:
2027 3276 2119 3346 qui

517 3369 783 3426 JOannem
827 3369 1070 3439 fugerat,
1101 3377 1294 3436 captus
1325 3381 1355 3420 a
1387 3367 1611 3421 Simone
1641 3377 1768 3422 ante
1811 3382 1994 3422 muros
2021 3369 2122 3422 im-

519 3462 844 3516 Inoiabatur.
873 3462 1002 3515 Erat
1029 3460 1300 3516 dissensio
1320 3462 1522 3531 gravis.
1552 3461 1769 3516 ldumzei
1801 3462 2118 3532 quaerebant

517 3553 862 3626 tyrannidem
894 3552 1120 3608 Joannis
1147 3556 1521 3623 exstinguere:
1543 3553 1857 3608 invidebant
1883 3555 2000 3624 ejus
2025 3570 2119 3623 po-

519 3649 735 3712 tentias;
757 3655 812 3702 et
837 3645 1066 3701 oderant
1092 3645 1211 3714 ejus
1240 3646 1644 3700 crudelitatem.
1683 3643 2120 3715 Congrediuntur

518 3739 809 3794 adversum
841 3738 1104 3793 satellites
1133 3738 1434 3809 tyrannidis
1454 3780 1469 3803 ,
1501 3747 1753 3792 avertunt
1775 3753 1905 3804 eos,
1936 3739 2119 3793 insec-

521 3842 703 3889 tantur
723 3849 819 3888 eos
848 3847 1022 3904 usque
1048 3832 1113 3886 ad
1142 3833 1321 3886 aulam
1359 3831 1588 3902 regiam,
1617 3847 1776 3902 quam
1806 3831 2122 3886 condiderat

521 3944 721 4000 genere
745 3929 993 3998 proxima
1018 3927 1155 3996 regis
1183 3925 1445 3980 Adiabeni
1470 3946 1483 3980 :
1505 3927 1714 3980 irruunt
1743 3926 1979 3982 exclusis
2003 3941 2124 3994 pro-

521 4022 947 4093 pugnatoribus,
998 4019 1369 4089 templumque
1445 4031 1744 4088 occupant,
1801 4018 2124 4088 diripientes

524 4117 694 4190 spolia
717 4115 1038 4188 tyrannidis,
1057 4114 1311 4184 quoniam
1331 4113 1438 4167 illic
1459 4112 1699 4167 Joannes
1721 4127 1882 4181 epum
1900 4126 2123 4165 suarum

525 4209 846 4265 condiderat
885 4205 1306 4276 receptaculum.
1343 4205 1535 4260 Gravis
1575 4205 1872 4260 incesserat
1914 4214 2122 4268 metus,

525 4319 594 4359 ne
614 4318 708 4373 per
725 4310 938 4356 noctem
959 4299 1176 4354 [domui
1190 4298 1259 4353 de
1273 4299 1473 4367 templo
1492 4299 1680 4352 urbem
1703 4298 1956 4368 ingressi,
1979 4295 2123 4352 ferro

433 4403 440 4409 ‘
529 4397 738 4466 plebem
767 4395 1172 4456 interimerent,
1200 4390 1452 4446 incendio
1483 4391 1671 4445 urbem
1715 4390 1980 4445 delerent.
2009 4389 2128 4457 Quo

530 4502 674 4547 metu
702 4489 910 4554 territi,
942 4488 1008 4542 de
1029 4487 1241 4542 consilii
1272 4484 1562 4548 sententia,
1591 4484 1719 4540 dum
1753 4499 1920 4541 ttnum
1944 4493 2131 4556 tyran-

2222 3291 2290 3332 ne
2329 3279 2482 3347 prius
2509 3277 2578 3331 ab
2627 3278 2753 3332 aliis
2790 3279 3120 3349 eligeretur:
3149 3286 3206 3334 et
3248 3278 3333 3332 his
3361 3294 3484 3333 eum
3533 3279 3730 3348 quibus
3773 3282 3825 3334 in

2222 3370 2412 3424 militia
2450 3373 2835 3438 consenuerit,
2890 3370 3278 3440 trinmphando
3324 3380 3474 3426 esset
3518 3369 3823 3441 despectui.

2221 3459 2448 3527 Quando
2478 3462 2838 3530 opportunius
2875 3471 3123 3530 tempus,
3166 3477 3275 3532 quo
3306 3463 3466 3530 digna
3502 3461 3716 3518 merces
3745 3459 3827 3516 la-

2224 3551 2448 3607 boribus
2468 3553 2586 3622 ejus
2615 3553 3043 3623 rependeretur?
3063 3551 3090 3590 ἀ
3116 3552 3462 3608 Vitellianum
3487 3557 3825 3624 voraginem,

2223 3647 2556 3715 privatorum
2597 3647 2835 3702 dedecus
2867 3648 2886 3718 (
2904 3663 3013 3702 non
3045 3647 3222 3702 dicam
3257 3645 3688 3718 imperatorem)
3721 3662 3826 3700 non

2223 3737 2428 3791 diutius
2459 3739 2559 3791 hoc
2598 3738 2959 3793 toleraturum
2985 3748 3261 3803 senatum,
3291 3752 3397 3792 non
3429 3739 3689 3808 populum
3724 3738 3826 3794 Ro—

2226 3847 2478 3895 manum,
2509 3840 2568 3884 nt
2594 3831 2945 3900 opprobrium
2970 3832 3371 3885 vinolentorum
3389 3830 3597 3884 diutius
3631 3831 3684 3884 in
3717 3832 3829 3885 cnl-

2226 3925 2371 3978 mine
2395 3933 2613 3978 maneat
2633 3925 2846 3993 imperii
2875 3935 2896 3959 υ
2914 3924 3070 3993 cujus
3089 3938 3178 3978 res
3196 3922 3436 3976 Romana
3461 3922 3529 3976 ad
3554 3932 3826 3993 sumptum

2229 4031 2332 4069 non
2384 4025 2659 4086 suppetat.
2690 4015 2822 4082 Quis
2872 4016 3018 4070 enim
3061 4015 3198 4068 ferat
3232 4024 3522 4086 tyrannum
3564 4029 3826 4084 regnare,

2227 4125 2350 4164 cum
2386 4110 2586 4165 habeat
2615 4112 2666 4162 in
2705 4109 2947 4163 exercitu
2973 4109 3196 4178 dignum
3228 4101 3458 4160 Romani
3487 4105 3705 4175 imperii
3730 4122 3824 4176 gu-

2227 4201 2613 4257 bernatorem?
2644 4201 2774 4268 Quae
2806 4216 2934 4254 vero
2957 4210 3149 4270 gentes
3187 4199 3339 4253 luxui
3371 4214 3431 4253 se
3453 4198 3748 4268 subjiciant
3777 4206 3828 4252 et

2230 4296 2375 4350 vitiis
2403 4295 2637 4360 dedant,
2667 4311 2790 4350 cum
2814 4294 2942 4348 belli
2973 4295 3306 4349 incentivum
3328 4295 3398 4348 sit
3424 4292 3637 4362 ignavia
3666 4293 3827 4362 impe-

2231 4389 2460 4452 ratoris;
2489 4397 2547 4444 et
2576 4397 2764 4444 contra
2799 4387 3076 4442 firmitudo
3103 4387 3250 4456 pacis
3271 4429 3285 4451 ,
3310 4387 3362 4441 in
3397 4389 3609 4441 hostem
3635 4389 3824 4454 virtus,

2232 4485 2502 4539 sobrietas
2533 4484 2584 4538 in
2617 4483 2929 4554 reipublicae
2958 4482 3338 4537 moderatore?
3358 4480 3489 4549 Quis
3519 4495 3628 4536 non
3657 4481 3830 4550 suspi-

529 4599 658 4638 num
687 4583 824 4636 ferre
853 4587 1162 4651 nequeunt,
1199 4577 1434 4634 alterum
1465 4578 1840 4633 introduxere.
1871 4578 1941 4632 Et
1962 4578 2130 4633 Joan-
2154 4589 2209 4656 Ῑ)
2233 4579 2340 4634 ciat
2357 4581 2406 4633 in
2427 4577 2947 4649 Vespasianoadhuc
2963 4578 3171 4647 privato
3187 4575 3333 4646 regni
3352 4575 3520 4630 decus
3533 4571 3828 4629 etﬂomani

531 4693 628 4733 nes
649 4674 837 4731 fraude
866 4675 1158 4742 irrepserat
1193 4673 1247 4726 in
1288 4671 1651 4742 tyrannidem.
1684 4671 1782 4726 Hic
1820 4671 2008 4726 Simon
2037 4687 2124 4726 ro-

531 4779 728 4842 gatus,
777 4767 930 4838 quasi
972 4765 1270 4820 remedium
1316 4763 1509 4818 salutis
1547 4763 1736 4830 daret,
1789 4763 2126 4818 dominatum

536 4865 746 4922 invexit
776 4863 1012 4928 civibus,
1045 4860 1161 4914 urbi
1191 4861 1504 4931 tyrannum.
1543 4858 1738 4913 Missus
1769 4866 1854 4912 est
1882 4857 2131 4912 Matthias

538 4959 792 5029 princeps
813 4953 1153 5010 sacerdotum
1173 4995 1186 5018 ,
1223 4959 1280 5005 ut
1305 4951 1424 5020 ejus
1453 4951 1755 5018 ingressum
1791 4950 2127 5004 obsecraret.

539 5052 608 5107 At
636 5051 728 5105 ille
773 5047 1007 5118 superbe
1045 5045 1177 5100 satis
1204 5043 1472 5098 dominari
1502 5043 1721 5108 abnuit,
1744 5054 1799 5098 et
1827 5045 1981 5112 quasi
2006 5059 2131 5113 gra-

538 5155 776 5210 varetur,
829 5141 1102 5198 concessit
1147 5136 1420 5206 ambitus,
1471 5145 1530 5192 ut
1569 5153 1629 5192 se
1674 5137 1728 5191 in
1776 5137 1967 5192 urbem
2008 5151 2130 5192 cum

538 5239 688 5294 omni
717 5252 810 5292 sua
839 5235 1043 5289 virtute
1072 5231 1407 5287 infnnderet.
1442 5231 1720 5300 Aperuere
1748 5241 1934 5299 portas
1965 5230 2136 5285 mani-

540 5330 638 5385 bus
670 5331 784 5384 suis
809 5368 825 5395 ,
855 5334 917 5381 ut
943 5324 1396 5396 perniciosiorem
1429 5322 1875 5390 introducerent,
1898 5338 2022 5378 cum
2056 5325 2137 5378 in—

612 5500 637 5528 δ
683 5487 1062 5556 lnduebantur.
1090 5486 1259 5540 Bann.

610 5559 638 5599 ἵν
685 5560 990 5629 U'rgcb'atur.
1021 5543 1098 5612 τι).

619 5645 640 5686 .c
684 5631 1038 5684 Constitumu.
1071 5629 1142 5682 In.
1501 5673 1510 5680 .

613 5700 638 5738 ἀ
683 5707 790 5753 Aut
819 5695 1148 5769 Vitelliana»:
1175 5713 1348 5762 vorag.
1383 5707 1471 5751 ant
1505 5696 1768 5752 Vitellium
1789 5699 2132 5769 ,.uraginem

549 5767 830 5836 legendum
862 5766 1074 5822 videtur
1100 5785 1110 5819 :
1140 5784 1203 5823 eo
1235 5769 1443 5823 scilicet
1464 5783 1626 5824 sensu
1646 5808 1659 5834 ,
1685 5784 1791 5837 quo
1811 5766 2004 5825 Cicero
2039 5786 2132 5838 pro

2234 4672 2446 4744 imperii
2471 4673 2843 4727 auctoritatem
2861 4712 2876 4738 ,
2900 4672 2986 4726 cui
3010 4679 3090 4725 tot
3113 4669 3376 4725 militares
3399 4668 3609 4723 numeri
3639 4669 3831 4738 praesto

2236 4775 2391 4830 sunt,
2425 4773 2481 4820 et
2528 4755 2707 4819 omnis
2753 4763 2985 4819 Romani
3026 4768 3298 4818 exercitus
3331 4761 3560 4815 validior
3609 4757 3831 4814 manus!

2239 4858 2378 4925 Quid
2410 4857 2828 4927 exspectamus?
2862 4860 2941 4910 An
2969 4864 3030 4910 ut
3071 4856 3272 4909 nastris
3315 4852 3482 4908 fultus
3513 4853 3830 4914 virtutibus,

2242 4953 2364 5007 aliis
2403 4951 2599 5006 debeat
2650 4953 2794 5019 quod
2834 4949 3132 5018 imperator
3159 4957 3274 5013 est,
3303 4955 3357 5000 et
3383 4959 3484 4999 nos
3525 4945 3648 4999 aliis
3674 4947 3831 5000 ceda-

2242 5061 2360 5100 mus
2391 5044 2532 5114 quod
2557 5044 2608 5098 io
2637 5044 2760 5111 jure
2783 5051 2983 5098 nostrae
3010 5041 3291 5111 potestatis
3316 5038 3438 5094 est?
3470 5036 3634 5094 Certe
3657 5039 3702 5092 si
3743 5036 3833 5091 ho-

2245 5153 2446 5193 norare
2469 5139 2751 5202 nolumus,
2778 5151 2884 5189 non
2912 5133 3254 5203 derogemns.
3285 5130 3394 5185 Nec
3416 5129 3681 5184 faciamus
3706 5129 3834 5182 hanc

2246 5231 2525 5300 iojuriam,
2559 5239 2616 5283 ut
2640 5237 2830 5282 nostro
2847 5225 3056 5294 judicio
3080 5226 3394 5294 repudietur
3414 5223 3568 5292 quasi
3591 5222 3832 5292 indignus

2246 5323 2516 5391 imperio,
2562 5337 2669 5392 quo
2717 5321 2918 5392 dignus
2967 5319 3196 5373 habetur
3241 5316 3512 5372 Vitellius.
3555 5315 3832 5370 Postremo

2245 5485 2394 5542 Sext.
2433 5500 2552 5550 cap.
2588 5484 2658 5539 52
2688 5501 2699 5536 :
2727 5481 2808 5537 Tu
2847 5498 2972 5553 meo;
2999 5481 3262 5553 periculo,
3299 5493 3511 5553 gurges
3541 5488 3590 5530 et
3627 5489 3823 5534 vouaco

2243 5558 2564 5623 patrimonii,
2599 5553 2925 5609 helluabere?
2945 5550 3248 5608 contextus
3278 5550 3681 5604 restitutionem
3707 5563 3823 5604 con-

2241 5628 2443 5682 firmat.
2475 5627 2754 5682 GALLLND.

2315 5708 2338 5734 ε
2380 5699 2474 5754 Cui
2523 5699 2688 5752 Bxun.
2721 5727 2782 5737 --
2820 5695 2926 5752 Sed
2958 5694 3088 5750 ferri
3118 5701 3296 5764 potest
3322 5693 3489 5748 lectio
3513 5690 3726 5764 vulgata
3747 5733 3760 5758 ,
3785 5690 3822 5745 si

2243 5769 2509 5826 referatur
2533 5784 2639 5825 non
2662 5769 2728 5824 ad
2756 5776 3017 5838 suppetat,
3042 5761 3137 5822 sed
3155 5767 3224 5820 ad
3249 5771 3532 5834 samum.
3558 5761 3824 5819 Clum.
