3964 6318
244 302 401 378 eis;

1114 328 1384 394 HISTOR.
1428 324 1519 395 DE
1560 328 1843 399 EXCIDIO
1883 340 2155 403 ﬂlEROS.
2202 346 2406 411 URBIS
2445 346 2575 416 LIB.
2612 353 2709 419 Ν.

3423 380 3564 445 2126

162 508 171 515 _
242 453 373 495 cum
406 439 461 496 in
493 440 645 499 Italia
691 445 800 503 sint
845 448 1009 508 frater
1038 438 1242 526 ejus‘et
1287 453 1432 515 iilius
1476 460 1849 529 Domitianus,
1882 466 1933 525 Α
1962 458 2248 535 Utrimque
2278 470 2325 524 ei
2374 470 2526 531 Nilus
2566 487 2691 547 est,
2723 481 2863 540 caeli
2885 486 3138 561 ubertas,
3172 502 3334 555 terrae
3380 500 3566 560 fecun-

243 531 549 561 ιη...ι....1.....
584 536 821 561 .._..r--.-
861 550 932 561 --ι
1190 547 1203 561 ο
1303 549 1317 561 .
1980 553 2013 561 .-

243 531 549 589 verendum
583 536 827 605 profecto
854 550 971 608 est,
1003 560 1074 601 ne
1111 547 1203 618 qui
1232 549 1348 604 suis
1378 564 1705 611 ornamento
1731 569 1855 612 esse

238 625 565 693 jamdudum
591 631 815 702 debuit,
849 636 919 692 sit
952 640 1236 709 periculo:
1266 653 1361 699 aut
1401 646 1449 700 si
1476 646 1586 713 illi,
1618 656 1679 705 ut
1702 650 1853 707 arbi-

246 726 457 775 tramur
477 763 492 788 ,
527 731 817 793 tyrannum
849 745 1042 799 urgere
1066 737 1335 804 coeperint
1354 780 1367 803 ,
1397 737 1524 796 huic
1552 740 1727 799 fraudi
1758 744 1850 811 sit,

243 813 393 884 quod
432 826 488 871 et
514 816 682 875 frater
711 829 766 877 et
814 823 956 880 filius
986 827 1410 900 rebellaverint,
1442 841 1498 890 et
1531 834 1854 907 incipiamus

242 920 402 962 reum
433 918 705 978 spectare,
730 928 892 985 quem
922 917 1111 977 videre
1139 921 1414 979 noluimus
1437 924 1847 996 imperatorem.

243 995 346 1054 liis
392 1014 577 1056 secum
610 1004 835 1061 milites‘
857 1009 1225 1070 vociferantes
1246 1056 1262 1081 ,
1292 995 1612 1074 adoriuntur
1644 1018 1852 1092 Vespa-

240 1094 459 1149 sianum
480 1137 493 1159 ,
523 1109 716 1168 rogant
745 1109 801 1154 ut
825 1101 1054 1160 Romani
1094 1106 1308 1180 imperii
1341 1112 1608 1180 suscipiat
1647 1115 1849 1185 guber-

241 1187 521 1243 naculum.
572 1189 666 1247 liie
704 1202 885 1251 autem
934 1197 1181 1257 abnuere
1223 1216 1287 1258 ac
1332 1217 1393 1260 se
1440 1204 1723 1278 indignum
1766 1209 1850 1263 di-

240 1293 406 1336 cere:
432 1296 557 1340 esse
590 1286 701 1355 jam
730 1290 1086 1349 constitutum
1117 1294 1506 1366 imperatorem
1526 1342 1539 1365 ,
1570 1300 1845 1372 refugien-

240 1369 373 1427 dum
401 1374 561 1431 civile
590 1376 820 1435 bellum.
853 1380 932 1437 illi
966 1384 1174 1442 instare
1198 1391 1536 1460 promptius,
1560 1391 1656 1448 iiie
1682 1393 1848 1448 resis-

241 1473 364 1520 tere
414 1473 873 1537 perseverantius.
917 1474 1202 1535 Postremo
1246 1481 1605 1540 reluctantem
1653 1487 1849 1543 armati

237 1554 657 1615 circumsistunt
699 1563 896 1634 gladiis
937 1578 1170 1626 mortem
1203 1573 1502 1641 minantes,
1535 1577 1626 1645 qui
1655 1577 1850 1634 adver-

238 1654 423 1705 terent
458 1651 561 1710 sibi
607 1653 817 1713 crimen
858 1672 1119 1731 manere,
1147 1675 1202 1721 et
1245 1681 1411 1737 grave
1455 1670 1754 1737 periculum
1799 1673 1845 1729 si

237 1740 567 1811 refugisset:
620 1747 696 1803 ita
733 1750 899 1807 cessit
938 1756 1119 1824 potius
1166 1758 1631 1832 imprimentibus,
1681 1782 1843 1835 quam

236 1837 449 1906 recepit
479 1839 825 1901 voluntarius
849 1884 866 1914 ,
895 1847 1039 1917 quod
1069 1851 1279 1908 ambire
1305 1852 1394 1909 alii
1439 1856 1639 1911 solent.
1666 1857 1839 1930 Urge-

236 1923 370 1981 bant
419 1928 652 1995 milites,
686 1934 989 1993 suadebant
1031 1939 1232 1997 duces:
1265 1957 1450 1998 curam
1484 1946 1633 2015 prius
1673 1923 1834 2019 quam

234 2015 503 2075 honorem
556 2021 764 2091 induit,
822 2027 1098 2085 lbstinavit
1142 2032 1195 2087 in
1250 2033 1576 2107 Egyptum,
1629 2015 1839 2096 sciebat

233 2113 389 2166 enim
419 2116 688 2173 maximas
714 2121 859 2175 vires
900 2120 1009 2178 illic
1034 2138 1159 2181 esse
1199 2126 1457 2185 Romanae
1485 2130 1796 2203 reipublicae
1817 2173 1833 2200 ,

231 2205 377 2262 unde
408 2209 665 2266 alimonia
719 2214 1155 2274 ministraretur:
1204 2222 1503 2277 subsidium
1542 2224 1647 2281 sibi
1684 2242 1835 2297 qure-

227 2299 499 2369 rendum,
545 2304 593 2359 si
643 2306 915 2364 vinceret:
954 2319 1050 2366 aut
1087 2320 1113 2350 ιι
1145 2314 1434 2387 refragium
1483 2316 1737 2388 Vitellio,
1783 2322 1829 2377 si

228 2389 555 2450 trahendum
581 2395 785 2455 diutius
830 2400 1030 2457 bellum
1076 2415 1310 2474 putaret.
1347 2407 1480 2464 Esse
1508 2412 1674 2466 etiam
1719 2413 1830 2471 illic

222 2483 365 2540 duos
414 2489 635 2545 ordines
666 2493 981 2551 militarium
1013 2497 1286 2565 virorum,
1324 2517 1459 2572 quos
1501 2504 1603 2559 sibi
1637 2506 1829 2576 adjun-

218 2592 357 2646 gere
394 2585 721 2650 properavit,
748 2594 807 2640 ut
824 2587 956 2643 urbs
984 2591 1215 2645 maxima
1234 2633 1248 2658 ,
1275 2603 1329 2649 et
1352 2595 1598 2661 plurimis
1619 2607 1827 2655 naturre

219 2669 581 2730 munimentis
597 2675 931 2735 circumdata
947 2720 961 2746 ,
983 2680 1036 2737 in
1067 2697 1169 2739 suo
1192 2686 1374 2755 potius
1395 2688 1519 2757 jure
1539 2731 1553 2755 ,
1577 2706 1738 2761 quam
1770 2694 1823 2748 in

214 2762 404 2819 alieno
432 2777 710 2835 maneret,
735 2771 801 2827 ad
827 2783 1121 2846 utrumque
1146 2777 1271 2833 belli
1292 2792 1544 2835 eventum
1565 2784 1699 2839 satis
1722 2786 1825 2840 uti-

214 2855 308 2910 iis.
370 2856 604 2931 Ideoque
652 2861 720 2918 de
773 2866 1017 2921 locorum
1064 2869 1207 2936 situ,
1249 2884 1310 2925 ac
1358 2873 1695 2941 potissimum
1751 2875 1820 2933 de

214 2946 333 3017 ipsa
365 2949 499 3007 urbe
541 2955 985 3025 metropolitana,
1016 2960 1099 3013 vel
1134 2961 1320 3028 paucis
1348 2962 1636 3018 dicendum
1667 2966 1789 3022 rati.

766 3044 997 3104 CAPUT
1039 3048 1254 3106 XXVII.

289 3132 491 3191 Urbem
544 3136 924 3195 Alexandriam
980 3144 1224 3201 condidit
1249 3146 1581 3215 Alexander,
1627 3152 1712 3206 cui
1744 3154 1815 3210 ob

208 3227 469 3284 virtutem
525 3229 755 3287 inditum
802 3234 978 3305 magni
1027 3236 1180 3291 ducis
1235 3251 1677 3310 cognomentum.
1731 3244 1806 3300 Ea

206 3318 355 3374 inter
385 3320 679 3394 Egyptnm
710 3334 767 3380 et
793 3295 944 3383 mare
972 3330 1125 3398 quasi
1160 3295 1459 3388 claustrum
1486 3334 1804 3407 interjacet,
1834 3295 1881 3358 Ο

204 3413 405 3469 civitas
435 3415 764 3486 importuosa
786 3458 802 3482 ,
830 3429 885 3475 ut
917 3420 1031 3478 fere
1070 3424 1342 3495 plerarque
1372 3424 1623 3500 Egypti,
1658 3441 1710 3487 et
1737 3433 1806 3488 ab

202 3515 436 3562 externo
483 3506 726 3564 difﬁcilis
767 3526 1023 3581 accessu,
1067 3528 1189 3570 cum
1217 3517 1290 3571 sit
1334 3519 1386 3572 in
1421 3522 1805 3579 remotioribus

202 3598 356 3652 Asiae
377 3600 621 3667 partibus
643 3601 855 3672 jacens.
888 3604 945 3659 in
973 3605 1210 3678 Europa,
1242 3610 1366 3680 quia
1393 3611 1504 3682 ipsa
1529 3610 1556 3650 b
1579 3613 1802 3687 JEgypti

198 3687 372 3745 aridis
425 3689 612 3763 Libya!
658 3696 1053 3764 conterminat;
1108 3700 1406 3756 meridiana
1453 3713 1635 3760 autem
1683 3708 1804 3777 ejus

197 3781 487 3850 superiora
504 3823 519 3850 ,
545 3799 667 3854 qua:
683 3785 1068 3844 disterminant
1093 3791 1162 3845 ab
1184 3791 1530 3864 Ethiopibus
1555 3797 1797 3863 Sienem,

196 3882 253 3927 et
284 3872 680 3947 innavigabiles
710 3877 815 3933 Nili
843 3880 1079 3937 fluminis
1105 3893 1425 3940 cataractas.
1465 3888 1549 3942 Ab
1586 3889 1800 3946 oriente

196 3966 510 4024 refunditur
552 3984 701 4027 mare
731 3971 1012 4049 Rubrum,
1056 3975 1233 4031 Ciitro
1282 3988 1461 4045 tenus,
1508 3981 1600 4052 qui
1645 3981 1799 4039 locus

194 4062 462 4116 extremis
510 4062 735 4119 ultimus
780 4067 971 4135 terris,
1006 4070 1249 4139 pervium
1298 4072 1364 4126 ad
1413 4072 1574 4129 indos
1620 4076 1798 4146 aperit

193 4153 306 4210 iter
343 4156 692 4226 navigaturis.
726 4157 888 4230 Septa
922 4161 1083 4232 igitur
1122 4179 1188 4217 cx
1230 4170 1336 4218 una
1379 4176 1533 4235 parte
1580 4167 1795 4224 ferven-

195 4246 344 4301 tibus
374 4245 643 4304 incendiis
667 4250 803 4306 solis
825 4293 842 4319 ,
867 4252 1052 4311 indico
1076 4254 1201 4311 inde
1244 4266 1405 4329 atque
1437 4260 1563 4315 hinc
1590 4260 1794 4334 [Egyp-

193 4340 275 4395 tio
307 4341 445 4397 mari
469 4360 581 4399 uno
625 4354 832 4401 tantum
880 4365 1035 4404 muro
1075 4353 1490 4422 septentrionali
1543 4354 1796 4412 innititur

190 4441 380 4499 terrae,
411 4438 559 4506 quod
585 4437 735 4493 ducit
769 4439 825 4493 iu
857 4440 1091 4513 Syriam.
1122 4443 1333 4501 Caetera
1366 4446 1660 4503 interclusa
1692 4467 1792 4505 un-

1960 553 2134 611 (ἤωδε
2166 576 2292 616 θννθ
2325 575 2587 639 ¹θ¹ηρθ¹⁵³¹
2615 615 2631 642 ,
2660 576 2837 633 solum
2862 583 3095 653 opimat,
3125 592 3310 648 nautis
3336 607 3388 650 et
3420 602 3564 669 agri-

1961 646 2089 669 --I!_
2119 650 2229 669 3,-,-.
2396 660 2405 669 ι
2474 662 2485 669 .
2514 663 2526 669 -
2667 667 2675 669 -

1957 646 2092 705 colis
2112 650 2265 720 juxta
2287 660 2406 712 usui
2431 677 2443 713 :
2473 662 2526 716 lii
2556 667 2844 739 navigant,
2870 673 2946 728 illi
2975 689 3194 736 serunt:
3216 683 3303 740 isti
3327 646 3561 745 εἰνειῗηι-

1958 738 2231 799 vehuntur
2257 762 2354 817 per
2382 765 2476 807 sua
2520 771 2643 812 rura
2687 763 2952 835 navigiis,
2985 769 3058 824 illi
3086 775 3343 832 excolunt
3373 794 3561 849 aratro

1956 843 2238 904 serentes,
2272 841 2484 901 viantes
2522 849 2640 905 sine
2683 866 2966 926 carpento.
3001 861 3322 926 Distinctam
3366 887 3560 932 cernas

1955 922 2174 982 ﬂuentis
2200 938 2257 986 et
2285 937 2438 1004 quasi
2466 941 2787 1011 quibusdam
2834 954 3102 1011 excelsam
3150 963 3421 1021 moenibus
3456 984 3559 1024 na.

1954 1016 2220 1086 vigiorum
2241 1064 2257 1091 ,
2291 1027 2416 1081 totis
2461 1030 2731 1091 domicilia
2766 1042 2925 1097 terris
2956 1060 3240 1118 vagantur,
3287 1071 3407 1125 quae
3437 1058 3557 1115 Nilo

1953 1109 2360 1169 circumﬂuunt.
2387 1118 2486 1174 Est
2522 1123 2669 1179 enim
2695 1109 3215 1210 navigabilisvusque
3257 1109 3324 1199 ad
3362 1148 3553 1206 urbem

1956 1199 2050 1272 (ut
2094 1207 2403 1280 appellant)
2439 1222 2462 1250 θ
2495 1199 2980 1289 Elepliantinorum
3025 1248 3039 1285 :
3084 1199 3308 1294 ulterius
3362 1258 3551 1302 navem

1955 1300 2255 1366 procedere
2278 1313 2567 1367 cataractae
2595 1329 2731 1385 quas
2756 1319 2991 1379 diximus
3010 1370 3025 1395 ,
3060 1343 3166 1385 non
3196 1335 3378 1390 sinunt
3404 1357 3416 1394 :
3447 1355 3553 1397 non

1951 1388 2165 1447 defectu
2212 1400 2442 1469 gurgitis
2468 1444 2482 1468 ,
2512 1406 2609 1460 sed
2638 1410 2806 1464 totius
2848 1388 3090 1475 fluminis
3119 1425 3467 1499 praecipitiis,
3501 1438 3556 1489 et

1949 1480 2021 1536 ob
2066 1488 2358 1554 quamdam
2407 1507 2673 1564 aquarum
2726 1502 2960 1561 ruinam.
3014 1480 3214 1569 Parius
3263 1480 3467 1588 nrt-bis;
3496 1532 3555 1578 ut

1949 1572 2195 1646 plerique
2242 1582 2640 1645 maritimorum
2670 1592 2913 1654 iocorum
2947 1601 3145 1671 aditus,
3176 1572 3548 1672 difﬁcilis'ac-

1941 2047 2120 2111 portui
2143 2048 2661 2120 subministrantur:
2692 2067 2786 2122 ubi
2807 2071 2928 2140 quis
2956 2047 3237 2146 angustias
3265 2047 3547 2156 atqueat;

1940 2143 2126 2233 portus
2175 2148 2453 2213 evaserit,
2488 2158 2745 2224 tanquam
2791 2160 2999 2232 reliqua
3032 2143 3291 2239 corporis
3333 2143 3542 2236 inrma:

1936 2222 2010 2279 ita
2031 2225 2247 2287 diffusio
2276 2236 2443 2294 maris
2466 2222 2627 2315 longe
2654 2246 2871 2320 lateque
2897 2222 3541 2327 distenditupindemra

1938 2331 2071 2373 vero
2102 2333 2290 2391 portus
2328 2329 2505 2387 insula
2537 2345 2623 2392 est
2672 2338 2884 2413 brevis,
2914 2357 2970 2403 et
3000 2348 3051 2405 in
3080 2367 3145 2408 ea
3177 2358 3342 2415 turris
3370 2366 3542 2419 maxi-

1934 2426 2043 2479 ma,
2073 2431 2236 2485 quam
2275 2420 2512 2482 Pharum
2549 2429 2601 2484 in
2642 2447 2932 2496 commune
2957 2440 3136 2501 Graeci
3162 2463 3226 2505 ac
3257 2450 3435 2510 Latini
3471 2474 3538 2514 ex

1933 2503 2105 2574 ipsius
2135 2512 2212 2567 rei
2241 2528 2339 2570 usu
2368 2522 2805 2593 appellaverunt,
2831 2546 2898 2588 eo
2926 2537 3071 2605 quod
3108 2539 3265 2614 longe
3290 2546 3539 2606 videatur

1928 2612 1959 2652 a
1987 2602 2396 2677 navigantibus,
2431 2624 2486 2666 ut
2526 2617 2676 2683 prius
2706 2635 2865 2692 quam
2896 2602 2958 2681 ini
2987 2602 3529 2713 portumvappropin-

1927 2700 2116 2758 quent,
2151 2705 2422 2755 nocturno
2449 2707 2682 2766 maxime
2709 2720 2991 2786 tempore,
3018 2730 3215 2780 terram
3249 2700 3535 2791 finitimam

1925 2782 2028 2839 sibi
2056 2800 2179 2845 esse
2207 2789 2547 2853 ﬂammarum
2587 2799 2608 2839 ί
2640 2803 2893 2863 incendio
2920 2826 3294 2885 cognoscant:
3324 2839 3394 2879 ne
3432 2826 3530 2882 dc-

1923 2878 2066 2945 cepti
2100 2884 2362 2953 tenebris,
2397 2889 2450 2943 in
2482 2895 2738 2964 scopulos
2760 2899 3024 2972 incidant,
3054 2918 3147 2964 aut
3176 2916 3426 2972 vestibuli
3460 2920 3525 2976 ii-

1922 2969 2107 3025 mitem
2139 2989 2244 3030 non
2272 2991 2476 3050 queant
2511 2990 2998 3058 comprehendere.
3035 2999 3175 3057 Sunt
3204 3005 3386 3075 itaque
3414 3010 3524 3068 illic

1920 3060 2185 3134 ministri,
2227 3084 2323 3138 per
2368 3089 2504 3142 quos
2542 3079 2806 3151 subjectis
2844 3085 3049 3146 facibus
3089 3060 3414 3170 cteteris'que
3465 3103 3528 3159 li-

1917 3166 2146 3223 gnorum
2168 3162 2431 3236 struibus,
2464 3168 2718 3228 adoietur
2744 3175 2882 3245 ignis
2911 3184 3064 3250 quasi
3089 3197 3250 3243 terra:
3269 3162 3524 3260 praenun-

1920 3244 2048 3313 tius,
2094 3257 2152 3304 et
2194 3252 2356 3311 index
2404 3257 2636 3317 laneium
2685 3244 3093 3343 portuensium,
3136 3244 3523 3342 dembnSIrans

1913 3338 2255 3409 ingrediendi
2286 3352 2586 3421 angustias,
2615 3358 2885 3417 undarum
2909 3338 3097 3436 sinus,
3132 3375 3386 3432 vestibuli
3414 3394 3516 3435 an-

1908 3429 2115 3488 fractus
2137 3475 2152 3501 ,
2199 3452 2266 3494 ne
2323 3445 2659 3517 perstringat
2688 3454 2871 3508 tenuis
2902 3460 3084 3515 carina
3114 3475 3302 3524 cautes
3326 3510 3342 3537 ,
3365 3481 3422 3525 et
3459 3472 3515 3529 iu

1908 3518 2026 3592 ipso
2072 3525 2326 3599 ingressu
2352 3533 2592 3593 oﬂendat
2621 3540 2767 3597 inter
2795 3558 3019 3616 opertos
3039 3548 3292 3613 ﬂuctibus
3315 3518 3510 3634 scopu-

1906 3615 2009 3675 los.
2038 3621 2223 3693 Itaque
2246 3626 2516 3687 directum
2564 3647 2783 3692 cursum
2814 3615 3070 3709 paulatim
3122 3649 3325 3709 inflecti
3353 3615 3515 3727 optor-

1905 3718 2017 3777 tet,
2066 3730 2135 3772 ne
2173 3721 2331 3777 caesis
2374 3724 2516 3781 illisa
2566 3730 2712 3785 saxis
2764 3733 2834 3789 ibi
2879 3737 3124 3796 incurrat
3166 3749 3319 3803 navis
3360 3718 3510 3819 peris

1902 3807 2084 3862 culum
2109 3848 2124 3874 ,
2159 3812 2253 3868 ubi
2297 3825 2546 3886 speratur
2579 3820 2841 3893 effugium
2876 3831 3261 3898 periculorum.
3294 3807 3509 3916 Angus-

1904 3897 2008 3950 tior
2050 3900 2197 3956 enim
2244 3904 2421 3961 aditus
2473 3909 2525 3964 in
2573 3924 2787 3981 portum
2832 3920 2957 3990 quia
3004 3939 3034 3979 a
3077 3897 3307 3986 dextera
3351 3897 3506 4004 parte

1903 3986 2073 4045 latere
2105 4002 2366 4063 arctatur,
2402 4013 2433 4053 a
2489 4000 2620 4057 laeva
2653 3986 2908 4078 rupibus,
2932 4014 3125 4084 quibus
3164 3986 3502 4086 obstrulctum

1900 4090 1983 4134 est
2027 4082 2310 4142 sinistrum
2363 4090 2502 4148 latus
2546 4105 2758 4164 portus.
2791 4082 2963 4159 Circa
2996 4107 3227 4168 insulam
3277 4131 3499 4191 quoque

1900 4168 2181 4231 instructa:
2224 4178 2457 4251 ingentis
2501 4189 2894 4258 magnitudinis
2932 4200 3104 4257 moles
3142 4168 3492 4278 dejiciuntiir.

1899 4279 1967 4320 ne
1992 4269 2221 4326 assiduo
2249 4279 2588 4347 assurgentis
2619 4282 2824 4355 impetu
2860 4293 3048 4359 maris,
3082 4269 3277 4356 cadant
3309 4269 3500 4362 funda;

1900 4370 2077 4416 menta
2113 4364 2336 4433 insulae,
2377 4378 2539 4441 atque
2568 4376 2618 4430 vi
2664 4378 2829 4436 nimia
2868 4385 3168 4445 solvantur.
3200 4393 3355 4453 Unde
3399 4401 3493 4467 fit,

1896 4463 1955 4508 ut
1994 4455 2328 4517 illidentibns
2372 4479 2493 4521 sese
2540 4467 2593 4522 in
2644 4480 2851 4541 partem
2898 4478 3092 4537 insula:
3119 4483 3405 4559 ﬂuctibus,
3439 4455 3496 4551 et

186 4523 389 4595 dique,
418 4536 476 4581 et
517 4538 727 4585 natura!
764 4531 1008 4587 subsidio
1039 4534 1269 4592 vallata:
1299 4535 1576 4595 dividuum
1610 4551 1787 4597 tamen

185 4619 639 4687 septentrionalis
683 4624 857 4695 plagae
903 4626 1079 4683 eidem
1127 4631 1552 4699 munimentum,
1595 4642 1652 4690 et
1695 4650 1790 4705 ge-

186 4712 343 4767 mino
370 4713 606 4785 quodam
659 4717 829 4774 limite
857 4728 1047 4790 patens
1068 4763 1083 4788 ,
1115 4737 1226 4794 quo
1264 4724 1353 4780 vel
1394 4728 1692 4800 peregrinae
1721 4728 1786 4783 ad
1815 4712 1866 4754 υ
1892 4728 2194 4800 inquietus,
2225 4744 2388 4807 atque
2412 4754 2738 4813 exasperato
2761 4752 2991 4809 transitu
3025 4712 3363 4826 periculosius
3397 4769 3491 4823 fiat

183 4818 311 4858 eam
351 4820 451 4875 per
493 4808 663 4863 maria
695 4820 717 4848 ο
752 4809 1038 4883 [Εεγριιιιη
1082 4814 1426 4872 devehuntur
1460 4819 1632 4888 copim
1654 4859 1669 4885 ,
1704 4819 1788 4873 vel
1892 4823 2117 4893 navigiis
2141 4825 2429 4886 incessus:
2462 4837 2765 4905 amplitudo
2796 4856 2984 4914 portus
3012 4852 3313 4913 stadiorum
3340 4877 3447 4918 xxx
3471 4905 3486 4930 ,

183 4896 412 4930 lam-tm.
436 4901 500 4930 ..Α
540 4913 707 4930 ..ι-...η
735 4919 863 4930 ..-..-
895 4904 1212 4930 manus“---
1260 4909 1421 4930 m----
1459 4911 1598 4930 2----
1628 4911 1673 4930 ρ-.
1708 4913 1753 4930 ι..
1925 4927 1933 4930 -
1982 4918 2012 4930 κ.
2088 4929 2093 4930 ,
2301 4924 2313 4930 -
2389 4927 2397 4930 _
2423 4926 2456 4930 _-

2555 4896 2566 4905 _
2796 4896 2821 4914 τ
2843 4896 2851 4898 ,
2871 4896 2982 4903 ___-
3012 4896 3313 4913 -.......,.ι....
3341 4896 3483 4930 .u,

178 4896 412 4955 liberior
434 4901 501 4955 ad
539 4913 709 4958 terras
735 4919 865 4960 usus
892 4904 1230 4964 diﬂunditur.
1260 4909 1427 4966 Terra
1455 4911 1601 4982 jacet
1627 4911 1680 4966 in
1706 4913 1789 4967 in-
1888 4918 2053 4974 statio
2082 4929 2193 4976 tuta
2216 4962 2230 4989 ,
2262 4924 2548 4992 placiditas
2580 4936 2813 4990 maxima
2846 4945 3093 5010 quamvis
3122 4957 3483 5019 tempestate:

182 4989 397 5019 ‘hhnm
424 4995 638 5019 -ΔΔΜῌ
693 4996 819 5019 ῌᾸΨ
851 5000 993 5019 2_h_
1016 5000 1133 5019 ταῖν
1282 5013 1315 5019 Α
1364 5004 1402 5019 ,ι
1439 5004 1451 5019 .
1527 5005 1539 5017 ο
1668 5005 1681 5019 ι
1965 5012 1976 5019 ·
2336 5018 2343 5019 '

2264 4989 2274 4992 _
2790 4989 2811 4990 η
2852 4989 3093 5010 Ἰ,---....,
3123 4989 3445 5019 ,νηηηωιαισ
3468 4999 3482 5012 .

182 4989 398 5047 ﬂuitum
423 4995 663 5051 modum.
690 4996 824 5053 Nam
851 5000 994 5056 inter
1016 5000 1234 5058 Sienem
1267 5013 1322 5059 et
1362 5004 1635 5061 Pelusium
1668 5005 1784 5061 lon-
1885 5012 2010 5081 quia
2061 5018 2345 5072 memorati
2385 5022 2498 5077 oris
2540 5029 2804 5097 angustiis
2839 5042 3008 5104 atque.
3045 5038 3258 5110 objectu
3292 5046 3483 5106 insula:

182 5085 370 5110 Δι’-ΛΔ
398 5088 421 5110 Α
454 5091 693 5110 --Λε--Αῃμ
738 5102 778 5110 __
837 5095 871 5110 ν
1098 5097 1112 5110 ,
1337 5098 1410 5110 ..η
1599 5100 1611 5110 -
1649 5099 1676 5110 ιι
1699 5098 1713 5110 ·
2022 5105 2073 5110 “‘

2612 5085 2641 5097 ν
2881 5085 2998 5104 “Ί“”
3048 5085 3258 5110 ννδννδυ
3292 5085 3483 5106 ιιιδιιιιιὶ

178 5085 373 5157 gitudn
398 5088 424 5125 τι
454 5091 701 5148 universa
733 5095 1031 5149 stadiorum
1080 5097 1247 5152 duum
1280 5098 1537 5164 millium,
1566 5100 1611 5154 si
1645 5098 1779 5154 tides
1887 5105 2100 5174 repellit
2120 5121 2149 5160 a
2170 5121 2229 5163 se
2244 5111 2417 5167 undas
2436 5116 2602 5170 maris
2623 5160 2635 5179 .
2657 5127 2712 5174 et
2732 5119 2787 5176 fit
2809 5122 2954 5182 intus
2978 5130 3278 5191 tutissimus
3293 5151 3483 5209 portus

181 5182 413 5209 ..μιν-ιζ..
467 5183 616 5209 ΑΛ--.
639 5201 653 5209 .
707 5198 751 5209 Δ.
807 5190 870 5209 -l-
920 5188 1119 5209 πιε--.ι,ε
1173 5205 1188 5209 -
1249 5204 1412 5209 -_---,_-
1469 5190 1511 5209 η
1548 5192 1560 5209 ι
1609 5192 1647 5209 --
1696 5208 1735 5209 ,,
2207 5202 2217 5209 .

179 5182 416 5237 assertis
465 5183 654 5252 adest;
703 5198 757 5242 et
805 5190 874 5242 ab
920 5188 1196 5246 Plintltiue
1248 5204 1419 5262 usque
1469 5190 1780 5256 Pelusium,
1882 5202 2328 5267 compensatione
2350 5209 2583 5277 quadam
2605 5209 2881 5283 ingressus
2901 5182 3482 5304 periculosi:q:jiaper

179 5273 483 5304 οιηΑἷΑ-..ηι
517 5278 644 5304 ξιιμ..
693 5281 851 5304 ...:.-....
900 5278 1125 5304 ...ξιιμ-,κ
1180 5291 1555 5304 _-...--_-._.--_-,
1591 5302 1599 5304 -
1637 5283 1753 5304 :___-
1998 5290 2012 5304 ι
2399 5300 2409 5304 -
2534 5302 2542 5304 Α

2367 5273 2379 5277 _
2662 5273 2689 5283 ν
2902 5273 2915 5288 ,
2947 5273 3469 5304 --ν-ν--.--..ι,ι....,,.,.

175 5273 483 5329 stadiorum
517 5278 646 5334 item
693 5281 853 5335 trium
900 5278 1127 5336 millium
1179 5291 1558 5339 sescentorum
1589 5302 1601 5335 :
1636 5283 1777 5338 inas-
1883 5290 2102 5347 easdem
2129 5300 2442 5364 portuensis
2464 5302 2576 5358 oris
2597 5310 3055 5375 angustiasmtius
3077 5328 3266 5388 portus
3285 5323 3476 5383 defen-

2672 5367 2699 5375 ν
2974 5367 2979 5368 ⁷
3000 5367 3050 5370 *ί-
3078 5367 3167 5388 ι-νν-
3183 5367 3265 5376 *ν’-ι’
3287 5367 3475 5383 ννιυιιί

172 5375 335 5422 sueta
367 5367 631 5426 imbribus
664 5374 850 5445 regio,
884 5388 983 5429 nec
1014 5383 1197 5432 tamen
1226 5375 1530 5446 pluviarum
1563 5375 1777 5446 indiga,
1883 5380 2033 5439 ditur
2061 5386 2245 5452 sinus,
2276 5399 2331 5445 et
2369 5408 2747 5453 summovetur
2772 5415 2800 5454 a
2837 5411 3275 5479 tempestatibus,
3309 5417 3478 5484 placi-

174 5461 263 5484 ...2
328 5460 435 5484 “1|!
503 5466 623 5484 9-,_!-
656 5476 692 5484 ,Α
848 5483 853 5484 ,
910 5477 922 5484 .
1174 5471 1186 5484 ι
1253 5470 1267 5484 ι
1503 5475 1513 5484 ρ
1561 5470 1573 5483 ο
1613 5478 1626 5484 Α
1738 5479 1749 5484 -
1900 5470 1914 5484 I
1959 5482 1966 5484 _
2201 5476 2220 5484 Α
2249 5479 2259 5484 -
2372 5483 2399 5484 ,-

170 5461 263 5517 cui
326 5460 435 5517 Nili
503 5466 701 5537 irrigua
768 5477 1099 5539 spontaneos
1171 5470 1376 5526 imbres
1444 5470 1776 5526 ministrant.
1883 5470 2152 5528 daturas
2186 5476 2489 5550 drigoribus
2532 5500 2632 5556 per
2655 5503 2795 5559 quos
2842 5494 3115 5566 ingressus
3140 5460 3477 5575 exasperan-

1893 4546 2245 4604 currentibus
2270 4552 2323 4606 in
2356 4554 2645 4615 adversum
2680 4563 2824 4620 inter
2852 4582 3112 4641 scrupeas
3142 4591 3338 4648 rupes,
3372 4546 3491 4639 mo-

1897 4636 2085 4708 lesque
2132 4650 2511 4716 constructas,
2546 4654 2752 4709 canalis
2783 4657 2875 4714 ille
2924 4636 3136 4721 medius
3175 4636 3392 4740 semper
3420 4676 3495 4731 sit

1954 5603 1977 5640 ⁶¹
2023 5605 2301 5669 Immmsa.
2337 5613 2409 5671 lo.

1959 5686 1980 5712 θ
2025 5675 2449 5745 Elephmtlorum.
2484 5689 2554 5742 In.

1959 5744 1977 5781 τ
2019 5744 2245 5803 Indicio.
2280 5753 2357 5810 In.

1956 5825 1977 5860 ὅ
2022 5814 2362 5884 Fragoribus.
2400 5830 2470 5886 in.

210 5587 219 5592 ’
248 5600 273 5638 ἀ
316 5589 473 5682 Nova
504 5594 659 5682 plane
689 5624 823 5682 vox,
847 5598 1105 5682 suffragio
1131 5611 1449 5682 opponitur.
1486 5609 1603 5663 Vid.
1636 5609 1772 5664 Gro-

166 5687 306 5751 nov.
338 5672 606 5751 ρζωιοὺὶό.
628 5696 760 5751 cap.
792 5681 885 5746 21,
921 5672 1040 5751 pag:
1070 5672 1515 5741 256.’6Αιι.ΑΜ).

244 5744 273 5783 ι’
315 5743 599 5817 @gyptus.
625 5743 792 5807 Bann.

247 5826 272 5854 ο
317 5813 651 5889 Δῑῂξιῂιὲυηι.
684 5821 760 5877 lo.
