3948 6362
454 329 600 386 2127

1816 303 2063 368 SANCTI
2103 304 2295 365 ΑΜΒΚ
2305 302 2435 364 OSII

3624 297 3772 355 ΞΙΞΒ

459 458 568 501 tur.
632 441 742 500 Nec
802 437 1079 496 immerito
1132 433 1220 491 vel
1273 438 1548 497 tutamen,
1597 427 1682 485 vel
1738 425 2053 498 magnitudo
2081 420 2642 492 Aprmponderaret:
2689 417 2821 474 satis
2857 417 2910 474 in
2955 413 3100 473 bello
3137 412 3321 471 valere
3361 413 3564 470 famam
3611 412 3770 468 ducis

465 551 653 609 portus
698 531 1006 606 hujusmodi
1033 541 1152 596 est,
1185 545 1308 585 cum
1353 528 1406 581 in
1445 540 1571 581 eum
1619 538 1744 593 qua:
1791 521 1857 574 ad
1903 533 2058 573 usuin

466 632 634 685 totius
678 627 826 682 orbis
873 623 1195 694 proﬁciant,
1229 616 1542 675 conveCIari
1569 613 1936 671 necessarium
1970 611 2058 663 sit.

463 721 597 776 Nam
640 728 695 774 et
739 717 921 787 populi
965 711 1389 769 innumerabiles
1419 708 1737 765 corumdctn
1781 706 2059 766 locorum,

461 815 528 870 ad
579 828 733 870 usum
774 811 856 867 sui
907 818 1171 880 expetunt
1213 808 1376 862 totius
1417 805 1566 860 orbis
1610 799 1975 862 commercia,
2010 807 2065 851 et

463 909 676 978 frugum
715 904 865 975 regio
897 903 1042 959 ferax
1063 943 1075 965 ,
1111 909 1546 968 creterorumque
1588 905 1745 951 terra:
1775 905 2061 947 munerum

460 999 548 1055 vel
584 996 926 1067 negotiorum
965 991 1289 1057 abundans,
1323 998 1494 1045 totum
1543 986 1818 1040 frumento
1854 983 1952 1037 alit
1982 989 2066 1035 at-

459 1105 565 1163 que
595 1089 815 1145 instruit
855 1085 1186 1142 necessariis
1231 1081 1506 1137 mercibus
1535 1079 1722 1134 orbem
1768 1085 2058 1131 terrarum.

1014 1176 1244 1234 CAPUT
1269 1173 1506 1230 XXVIII.

529 1275 862 1349 Compositis
907 1273 1091 1340 itaque
1137 1283 1265 1338 erga
1314 1282 1375 1322 se
1418 1267 1581 1321 rebus
1628 1264 1681 1318 in
1731 1260 2062 1318 Alexandria

457 1372 859 1443 Vespasianus,
892 1375 948 1422 et
974 1364 1171 1420 studiis
1199 1361 1442 1416 omnium
1483 1359 1574 1430 qui
1610 1373 1728 1412 rem
1765 1357 2061 1412 militarem

459 1466 768 1539 gerebant,
796 1463 939 1517 circa
972 1474 1130 1514 suum
1158 1454 1449 1526 imperium
1473 1451 1945 1521 conspirantibus,
1977 1464 2065 1507 se-

459 1573 626 1615 curus
673 1555 972 1620 absentiae,
1007 1550 1244 1606 reditum
1279 1549 1332 1603 in
1363 1546 1576 1620 Syriam
1610 1551 1848 1600 maturat
1879 1561 1893 1598 :
1927 1556 2064 1597 con-

458 1664 625 1710 vento
670 1651 942 1707 mandatis
987 1658 1172 1704 tamen
1213 1644 1434 1700 Tiberio
1470 1641 1784 1698 Alexandro
1815 1640 1906 1708 qui
1938 1647 2065 1694 tunc

464 1747 703 1820 Egypto
742 1743 1105 1816 praesidebat,
1146 1749 1207 1797 ut
1243 1739 1364 1810 ejus
1408 1736 1679 1793 exercitus
1725 1734 1818 1804 qui
1853 1742 1962 1788 tum
2008 1732 2060 1786 in

2166 531 2279 570 rem
2310 529 2578 570 summam
2607 512 2848 584 gerentis
2879 528 2893 565 :
2936 509 3326 579 VeSpasiauum
3372 509 3424 563 in
3470 507 3769 564 Gallicanis

2167 607 2433 677 partibus,
2451 615 2506 662 et
2523 607 2926 661 Britanniarum
2945 602 3188 658 victoriis
3210 602 3534 658 emicuisse:
3563 601 3773 671 Vespa-

2167 701 2375 754 sianum
2392 697 2749 754 orientalibus
2760 697 3098 752 succinctum
3114 693 3352 760 adoreis,
3374 707 3575 764 magno
3591 693 3668 746 uti
3686 692 3774 747 sui

2168 791 2404 846 nominis
2435 791 2781 861 prtcjudicio:
2809 789 3296 857 Vitellium,autem
3330 787 3468 843 nihil
3496 787 3646 842 aliud
3668 787 3774 841 nisi

2168 883 2294 938 vino
2310 882 2630 949 solutum,et
2647 883 2788 938 inter
2803 880 3046 937 convivia
3065 880 3305 950 pridiana
3321 894 3539 950 semper
3553 887 3777 934 ructan-

2174 985 2280 1031 tem
2305 976 2513 1045 epulas,
2533 975 2666 1030 nihil
2683 974 2835 1030 aliud
2853 982 3190 1044 exspectare.
3218 973 3320 1028 nisi
3337 981 3396 1028 ut
3409 988 3531 1028 cum
3551 971 3728 1027 hostis
3743 971 3777 1009 ι’

2168 1069 2476 1134 adveniret,
2505 1068 2690 1123 ebrius
2731 1077 2919 1138 pereat
2948 1065 3068 1121 sine
3100 1080 3268 1122 sensu
3300 1065 3525 1121 doloris.
3563 1066 3642 1120 Ex
3676 1064 3778 1119 illo

2169 1163 2356 1233 augeri
2373 1163 2602 1218 militum
2619 1163 2830 1218 animos
2849 1161 2983 1216 tanti
3001 1161 3174 1232 gloria
3191 1161 3538 1231 imperatoris
3553 1177 3568 1214 :
3585 1175 3653 1217 ex
3668 1161 3781 1216 isto

2167 1257 2327 1328 dejici
2351 1273 2446 1328 per
2465 1258 2760 1328 opprobria
2781 1256 2916 1327 ejus,
2954 1263 3012 1312 et
3043 1254 3447 1324 turpitudines:
3479 1255 3776 1310 consulen-

2169 1353 2320 1421 dum,
2338 1368 2409 1409 ne
2433 1352 2629 1423 prioris
2655 1352 2782 1407 belli
2799 1352 2994 1406 famam
3019 1362 3038 1389 ε
3060 1349 3372 1406 omitteret:
3403 1349 3779 1405 licetvicerint

2167 1445 2434 1503 Othonem
2477 1444 2695 1500 Vitellio
2725 1459 2909 1516 parem
2938 1485 2954 1512 ,
3000 1441 3262 1498 adversus
3291 1456 3417 1497 eum
3449 1456 3599 1497 nunc
3647 1455 3774 1496 esse

2168 1540 2446 1612 negotium
2471 1581 2485 1606 ,
2524 1539 2615 1610 qui
2650 1548 2821 1594 totum
2840 1537 3027 1593 orbem
3055 1535 3341 1606 triumphis
3363 1535 3476 1591 suis
3496 1535 3729 1591 cinxerit
3758 1553 3772 1588 :

2168 1633 2613 1704 praeveniendam
2657 1632 2832 1705 gratia
2864 1632 3268 1697 necessitatem,
3300 1639 3360 1686 ut
3386 1631 3560 1688 civem
3592 1633 3776 1701 potius

2172 1726 2558 1796 Vespasianum
2627 1726 2876 1797 eligant,
2929 1740 3091 1793 quam
3149 1725 3358 1780 hostem
3401 1724 3773 1794 experiantur.

457 1817 836 1912 superioribus
860 1837 1105 1908 partibus
1127 1842 1274 1898 erat,
1298 1829 1526 1902 gratiam
1557 1827 1656 1883 sibi
1682 1827 2056 1890 consociaret,
2089 1817 2136 1878 B
2163 1818 2418 1874 Miserum
2446 1833 2568 1874 esse
2599 1818 2746 1874 bello
2781 1817 2924 1873 civili
2966 1819 3217 1882 vincere,
3251 1823 3454 1887 quanto
3493 1817 3770 1872 miserius.

455 1935 576 2006 ipse
610 1946 832 2004 quoque
877 1926 1257 1986 necessitatem
1290 1921 1504 1992 imperii
1548 1917 1817 1982 Romani,
1862 1916 2060 1986 quibus

459 2035 645 2096 posset
683 2024 968 2094 adjuvaret
997 2021 1226 2075 viribus.
1257 2018 1390 2085 Quae
1421 2014 1527 2070 sibi
1559 2011 1814 2082 imposita
1842 2007 2023 2062 forent
2045 2047 2059 2072 ,

457 2117 714 2174 Tiberius
764 2131 859 2186 per
903 2113 1194 2183 epistolam
1241 2105 1672 2180 provincialibus
1713 2113 1765 2158 et
1799 2099 2062 2155 militibus

456 2209 794 2273 insinuavit,
841 2207 1004 2276 idque
1047 2204 1114 2258 ab
1163 2202 1419 2258 omnibus
1448 2214 1573 2254 cum
1615 2195 1804 2250 laetitia
1833 2207 2060 2262 suscep-

458 2313 614 2371 tum,
664 2302 798 2358 ﬁdes
844 2299 1148 2370 promissa,
1198 2295 1398 2352 elIusus
1439 2294 1608 2348 favor.
1670 2289 2062 2360 VeSpasianum

458 2399 711 2454 Caesarea
735 2393 966 2461 suscipit
993 2409 1005 2444 :
1034 2389 1162 2446 inde
1186 2389 1398 2444 Beritos
1414 2429 1427 2449 ,
1458 2382 1821 2454 legationibus
1845 2380 2062 2434 urbium

457 2509 582 2551 cum
617 2470 837 2548 summo
869 2488 1068 2561 gaudio
1100 2482 1528 2542 conﬂuentibus.
1563 2478 1680 2534 Illic
1706 2477 1871 2532 etiam
1903 2474 2062 2530 Iose-

460 2588 602 2660 phus
628 2586 763 2641 solvi
795 2592 1105 2656 praeceptus
1127 2577 1359 2634 vinculis
1379 2576 1537 2646 jussu
1567 2569 1914 2642 imperatoris
1931 2609 1945 2632 ,
1970 2566 2065 2620 ad-

454 2681 597 2752 juvit
623 2679 778 2734 Titus
798 2686 855 2732 ut
880 2677 1266 2744 frangerentur
1286 2669 1466 2739 potius
1486 2705 1501 2733 ,
1525 2680 1686 2736 qttam
1718 2663 2065 2718 solverentur

465 2786 694 2832 catena}.
718 2771 872 2839 Quod
895 2772 938 2824 si
960 2771 1360 2839 frangerentur,
1387 2764 1457 2817 ita
1479 2757 1793 2827 essetquasi
1816 2770 1919 2811 non
1936 2754 2066 2808 fuis-

468 2877 554 2924 set
577 2868 792 2937 ligatus.
814 2862 1023 2917 Placuit
1042 2860 1181 2930 patri
1204 2857 1440 2913 securim
1470 2853 1692 2916 deferri,
1714 2849 1869 2920 jussit
1893 2845 2068 2917 frangi

437 2953 706 3022 catenas,
727 2965 784 3010 ut
807 2955 1157 3009 adverterent
1177 2947 1352 3005 Judaei
1369 2947 1473 3002 sibi
1492 2959 1706 3015 quoque
1723 2941 1937 2996 veniam
1957 2953 2064 2992 non

464 3050 798 3123 negandam,
829 3048 872 3102 si
905 3049 1362 3101 converterentur
1386 3047 1442 3094 et
1465 3051 1650 3107 pacem
1681 3040 1964 3104 rogarent:
1997 3031 2068 3084 si-

461 3146 574 3202 mnl
606 3143 731 3216 quia
763 3158 870 3198 non
912 3140 1092 3195 alieno
1131 3151 1256 3192 eum
1298 3131 1525 3188 arbitrio
1566 3132 1676 3196 jam
1707 3124 2063 3188 reservabat,

2167 1912 2308 1966 vinci
2328 1954 2342 1976 ,
2370 1923 2428 1966 nt
2456 1911 2691 1968 videaris
2721 1910 2898 1966 hostis
2925 1919 3143 1965 tuorum
3170 1913 3182 1964 !
3217 1910 3422 1965 Victori
3454 1911 3628 1980 patria
3658 1925 3781 1966 ma-

2167 2015 2290 2074 net,
2331 2005 2478 2061 victo
2504 2007 2647 2076 perit
2680 2023 2693 2058 :
2727 2015 2819 2060 aut
2849 2006 2892 2061 si
2927 2013 3138 2071 manet,
3171 2004 3235 2058 ad
3264 2004 3488 2060 sceleris
3516 2004 3772 2060 invidiam

2167 2100 2443 2167 manebit,
2489 2111 2548 2156 ut
2594 2101 2874 2157 videamur
2899 2099 3109 2154 civibus
3152 2098 3402 2153 intulisse
3442 2097 3644 2152 bellum
3675 2113 3776 2167 pro

2167 2203 2422 2266 tyranno.
2449 2192 2553 2262 Qui
2582 2193 2728 2249 enim
2770 2191 3008 2246 vincitur
3039 2206 3144 2245 non
3170 2191 3282 2259 jam
3326 2189 3500 2255 civis,
3549 2189 3645 2245 sed
3691 2197 3772 2260 ly-

2165 2303 2372 2344 rannus
2413 2296 2517 2343 est.
2550 2286 2691 2355 Quid
2730 2285 3068 2342 conserimus
3098 2283 3294 2339 noxias
3325 2283 3560 2337 manus?
3588 2283 3773 2338 Semel

2167 2382 2300 2438 satis
2331 2377 2618 2437 sit'sceleri
2647 2380 2842 2435 vicisse
2868 2422 2881 2446 ,
2912 2389 2967 2433 ut
2994 2378 3191 2449 pudeat
3213 2378 3298 2433 cui
3326 2378 3641 2433 vicerimus.
3668 2376 3774 2430 Pu-

2167 2473 2398 2528 tavimus
2431 2468 2458 2507 (ί
2488 2471 2569 2526 vel
2620 2471 2905 2541 imperium
2953 2469 3195 2526 sobrium
3245 2468 3396 2535 fore,
3451 2470 3538 2524 vel
3588 2484 3774 2525 rerum

2170 2564 2403 2620 molibus
2420 2563 2910 2636 cxspergefactum,
2929 2577 3122 2618 somno
3144 2573 3410 2633 perpetuo
3431 2561 3770 2618 renuntiare.

2169 2656 2306 2726 Quid
2333 2665 2714 2726 exspectamus
2758 2657 3002 2711 diutius?
3046 2656 3294 2711 Pericula
3335 2665 3519 2712 nostra
3561 2657 3772 2728 ingrata

2168 2757 2294 2803 sunt
2319 2749 2574 2803 omnibus
2607 2737 3072 2803 commilitonibus
3098 2765 3111 2802 :
3140 2747 3397 2802 omnibus
3433 2748 3643 2818 populis
3678 2747 3773 2817 ju-

2169 2839 2308 2895 dicia
2335 2851 2521 2896 nostra
2548 2841 2876 2912 reprehensa
2902 2851 2954 2896 et
2975 2841 3335 2896 condemnata
3365 2849 3588 2912 propter
3608 2842 3772 2897 electi

2171 2935 2392 3006 ﬂagitia.
2436 2935 2627 3002 Qualis
2656 2936 2729 2990 sit
2756 2936 3134 3002 considerate,
3163 2936 3251 3006 qui
3284 2937 3449 2991 etiam
3480 2936 3653 2992 victor
3680 2952 3771 2992 rc-

2173 3029 2426 3100 pudiatus
2475 3039 2577 3084 est.
2625 3028 3056 3084 Consultandum
3112 3038 3262 3084 certe
3315 3029 3464 3099 prius
3521 3028 3590 3085 de
3642 3029 3772 3086 belli

2172 3133 2408 3190 eventu,
2437 3133 2492 3178 et
2512 3125 2593 3180 sic
2618 3123 2996 3194 prteliandum.
3021 3122 3077 3179 Si
3107 3123 3341 3193 pericula
3365 3125 3735 3194 praevenerint
3755 3165 3770 3188 ,

464 3255 588 3295 eum
625 3203 694 3293 ad
743 3251 802 3291 se
858 3247 1042 3290 rerum
1087 3226 1332 3284 omnium
1375 3224 1556 3279 delata
1606 3218 1828 3276 arbitria
1873 3215 2072 3272 forent.
2107 3203 2150 3266 C
2183 3217 2383 3273 frustra
2413 3218 2702 3282 consules;
2733 3218 2822 3271 ubi
2863 3217 3153 3272 consilium
3183 3218 3484 3288 placuerit,
3518 3227 3668 3275 recte
3695 3220 3774 3274 in-

1025 3321 1256 3380 CAPUT
1309 3317 1508 3374 XXIX.

541 3425 775 3480 Ventum
820 3417 1213 3475 Antiochiam:
1263 3412 1339 3467 ibi
1388 3414 1620 3466 tractatu
1661 3405 1878 3472 habito,
1924 3403 2071 3460 unde

469 3522 754 3590 oporteret
800 3510 867 3566 ad
922 3508 1132 3563 Italiam
1186 3503 1556 3560 transmittere
1605 3518 1616 3553 :
1660 3500 1786 3570 quia
1843 3506 1954 3554 tnta
2013 3497 2068 3552 in

473 3612 712 3686 {Egypto
741 3606 824 3662 vel
854 3599 1193 3660 Alexandria
1215 3596 1401 3653 omnia
1429 3593 1893 3650 eonsideraverat.
1922 3591 2068 3645 Con-

471 3707 677 3762 sultum
735 3697 1026 3756 celeritati.
1081 3691 1313 3750 Dimittit
1367 3691 1546 3760 itaque
1601 3687 1897 3742 Matianum
1949 3699 2071 3739 cum

471 3808 625 3871 parte
651 3795 818 3850 multa
841 3792 1089 3863 equitum
1121 3795 1178 3842 et
1197 3788 1474 3841 exercitus
1507 3778 1805 3852 pedestris,
1841 3785 1900 3832 ut
1930 3790 2072 3847 pra:-

475 3867 689 3947 veniret
717 3889 772 3943 in
797 3886 1010 3942 Italiam
1035 3880 1329 3937 adventum
1364 3873 1736 3947 imperatoris.
1765 3869 1816 3925 Is
1842 3867 2075 3940 prolixa:

475 3983 834 4055 navigationis
862 3987 1154 4036 revocatus
1195 3972 1518 4037 formidine,
1553 3985 1649 4039 per
1677 3965 2073 4036 Cappadociam

481 4091 538 4138 et
567 4079 855 4150 Phrygiam
898 4075 1002 4128 iter
1040 4069 1262 4126 direxit.
1305 4065 1602 4122 Antonium
1632 4075 1846 4133 quoque
1877 4072 2076 4128 praece-

481 4177 562 4245 pit
584 4149 896 4244 praelectum
926 4164 1090 4221 tertio
1116 4161 1294 4216 ordini
1311 4154 1643 4226 militariqui
1664 4166 1782 4209 erat
1804 4153 1857 4206 in
1884 4149 2077 4223 Mysia,

483 4241 538 4323 in
570 4241 888 4335 imperatam
918 4272 978 4312 se
1018 4254 1227 4310 Italiam
1258 4249 1542 4306 effundere
1563 4289 1576 4311 ,
1611 4246 1760 4316 prius
1789 4258 1951 4314 quam
1989 4241 2082 4335 Vi-

480 4333 689 4415 telliani
718 4368 838 4410 sese
870 4354 1169 4406 moverent.
1202 4342 1337 4400 Nam
1365 4339 1615 4395 Vitellius
1659 4335 1812 4407 quasi
1837 4333 2083 4404 crapula-

482 4429 678 4508 tus’et
723 4460 916 4503 somno
955 4443 1267 4504 demersus,
1305 4432 1538 4492 convivii
1585 4446 1699 4486 rem
1744 4426 1861 4498 geri
1899 4426 2085 4483 existi-

483 4561 671 4608 mans,
715 4556 823 4596 non
853 4536 1096 4609 imperii,
1142 4533 1196 4589 in
1243 4530 1406 4586 tantis
1435 4526 1645 4598 positus
1688 4521 1916 4593 negotiis
1954 4521 2084 4576 dor-

2175 3310 2365 3378 cipies.
2397 3309 2552 3376 Quod
2581 3308 2801 3364 solliciti
2821 3308 2978 3364 ducis
3002 3319 3148 3365 esset
3173 3327 3187 3364 :
3216 3310 3496 3379 explorata
3527 3311 3629 3366 sibi
3657 3325 3770 3366 om-

2175 3404 2264 3458 nia
2284 3445 2298 3468 ,
2332 3403 2576 3472 patuisse
2599 3403 2921 3472 VeSpasiani
2947 3404 3244 3460 exercitum
3269 3418 3393 3459 esse
3415 3405 3735 3462 validiorem
3757 3447 3772 3470 ,

2178 3495 2340 3551 ﬁdem
2395 3511 2547 3550 suam
2619 3511 2718 3566 pro
2777 3495 2996 3552 Vitellio
3069 3495 3387 3566 jamdudum
3447 3498 3774 3566 probatam,

2178 3587 2392 3656 quando
2421 3587 2766 3658 prtcsumpsit
2793 3587 2860 3643 de
2883 3587 3014 3642 belli
3044 3597 3276 3654 eventu,
3305 3587 3593 3643 victoriam
3621 3604 3778 3646 secu-

2181 3689 2287 3736 tam
2315 3679 2532 3752 quando
2555 3678 2756 3734 diffidit
2781 3695 2794 3732 :
2830 3680 2882 3733 in
2913 3690 3166 3750 promptu
3192 3693 3348 3746 esse,
3381 3680 3513 3749 quid
3543 3681 3614 3736 sit
3635 3681 3780 3736 futu-

2178 3789 2322 3830 rum.
2356 3773 2540 3842 Neque
2569 3787 2699 3828 vero
2730 3781 2959 3828 mortem
2993 3788 3142 3828 suam
3175 3772 3276 3828 sibi
3308 3789 3431 3829 esse
3458 3774 3734 3830 formidini
3761 3817 3775 3839 ,

2179 3863 2275 3919 sed
2306 3864 2578 3919 exercitus
2608 3863 2834 3917 Romani
2861 3863 3157 3932 periculum
3184 3880 3196 3916 :
3227 3872 3281 3920 et
3306 3864 3450 3935 quod
3482 3865 3604 3936 plus
3631 3865 3782 3921 dolet

2180 3958 2346 4024 viris,
2385 3968 2551 4028 parta:
2576 3959 2687 4028 jam
2728 3956 3077 4028 dispendium
3120 3957 3338 4023 laudis,
3387 3967 3447 4013 ut
3492 3959 3781 4015 videantur

2181 4052 2311 4108 victi
2336 4093 2350 4116 ,
2380 4051 2469 4123 qui
2514 4049 2692 4106 solent
2734 4052 2973 4107 vincere.
3003 4050 3115 4107 Sibi
3143 4061 3293 4107 certe
3316 4051 3622 4107 cavendum
3647 4092 3665 4119 ,
3711 4067 3781 4107 ne

2179 4145 2452 4216 judicetur
2476 4160 2491 4198 :
2521 4152 2574 4200 et
2598 4143 2726 4200 illud
2751 4158 2855 4199 non
2882 4141 3246 4210 fortitudinis,
3273 4143 3369 4200 sed
3399 4156 3628 4200 eventus
3653 4145 3780 4200 fuis-

2184 4253 2246 4294 se
2270 4281 2285 4307 ,
2315 4237 2456 4308 quod
2489 4238 2680 4294 vicerit
2720 4237 2864 4293 bello
2895 4238 3182 4308 superiore
3205 4279 3218 4303 ,
3245 4249 3301 4295 et
3331 4237 3475 4294 istud
3510 4238 3738 4310 ignavia'
3761 4277 3777 4306 .

2186 4332 2332 4404 quod
2355 4332 2529 4388 victus
2553 4339 2742 4403 postea
2767 4331 2856 4387 sit.

2760 4423 2990 4482 CAPUT
3037 4423 3209 4482 XXX.

2263 4515 2356 4571 His
2393 4524 2556 4587 atque
2594 4515 2902 4588 hujusmodi
2947 4517 3292 4573 sermonibus
3319 4517 3544 4574 abduxit
3567 4517 3621 4574 in
3661 4533 3783 4574 sen-

746 4598 992 4703 Denique
1024 4598 1112 4683 vix
1149 4624 1368 4680 tandem
1398 4621 1669 4676 excitatus
1698 4616 1891 4672 nuntio
1921 4615 2084 4670 adve-
2108 4598 2162 4658 Ῑ)
2189 4610 2409 4665 tentiam
2441 4623 2592 4664 suam
2615 4609 2818 4664 milites
2843 4649 2858 4674 ,
2885 4617 2946 4664 ut
2973 4624 3156 4666 secum
3179 4609 3246 4665 ad
3275 4611 3570 4666 Antonium
3595 4626 3782 4681 perge.

484 4729 685 4787 nientis
707 4725 959 4789 Antonii,
988 4719 1173 4790 dirigit
1190 4717 1485 4772 Cecinnam
1513 4727 1633 4768 cum
1657 4709 1937 4765 exercitus
1961 4723 2085 4778 par-

485 4835 539 4879 te
559 4863 572 4886 ,
603 4829 658 4875 et
687 4815 910 4888 periculi
938 4814 1020 4868 sui
1046 4823 1310 4865 summam
1338 4807 1516 4860 alieno
1543 4801 1771 4857 arbitrio
1796 4797 2088 4855 committit

486 4918 659 4971 fretus
689 4909 938 4968 Cecinnze
967 4905 1204 4968 viribus,
1235 4899 1379 4972 quod
1406 4895 1638 4953 Othonis
1675 4908 1892 4948 manum
1930 4891 2084 4948 fude-

488 5019 592 5065 rat.
624 5007 720 5061 Ille
745 5005 890 5059 circa
927 5000 1118 5055 urbem
1144 4990 1599 5051 Cremonensium
1631 4986 1868 5042 Antonio
1893 4999 2082 5040 occur-

486 5101 558 5157 rit
590 5094 934 5155 advenienti:
966 5090 1218 5160 cxplorat
1247 5085 1429 5142 omnia
1457 5125 1472 5150 ,
1506 5080 1788 5151 cognoscit
1827 5077 2082 5148 praevali-

487 5195 613 5250 dam
662 5204 878 5246 Inanum
924 5196 949 5223 ³
987 5201 1018 5239 e
1053 5180 1284 5237 diversis
1326 5177 1525 5240 aﬁ'orc,
1573 5183 1851 5229 strenuam
1885 5171 2040 5226 bellis
2067 5212 2082 5238 ,

489 5284 844 5342 exercitatam
871 5273 1197 5344 triumphis:
1233 5285 1292 5326 se
1312 5276 1500 5324 contra
1525 5280 1626 5320 nec
1648 5263 1854 5318 viribus
1876 5263 2048 5332 mquis
2066 5303 2081 5327 ,

486 5394 589 5434 nec
615 5387 840 5432 numero
860 5383 1017 5441 pares
1043 5379 1204 5435 posse
1223 5362 1522 5418 decernere
1543 5357 1831 5412 adversum
1859 5354 2084 5410 validio-

482 5487 571 5528 res
597 5488 610 5525 :
637 5464 954 5524 convocatis
975 5455 1386 5516 centurionibus
1403 5450 1596 5508 suadet
1618 5449 1763 5505 bello
1775 5447 2044 5513 desistere
2060 5491 2076 5518 ,

478 5565 621 5633 quod
649 5567 834 5617 essent
854 5565 1084 5611 numero
1109 5548 1417 5611 inferiores,
1448 5552 1500 5600 et
1529 5540 1699 5613 gloria
1728 5539 2076 5610 imperatoris

533 5742 558 5768 ο
594 5730 637 5784 Ε
665 5727 884 5780 diuerso.
908 5721 1082 5777 ΒΑΜ.

535 5799 562 5842 ι’
596 5798 889 5855 Advenerit.
920 5794 993 5847 In.

2186 4713 2307 4758 rent
2335 4702 2661 4769 voluntarii,
2694 4711 2857 4773 atque
2885 4702 2937 4758 ei
2964 4717 3024 4758 se
3051 4703 3331 4759 traderent
3357 4722 3370 4758 :
3403 4705 3500 4760 scd
3530 4713 3590 4760 ut
3610 4719 3672 4761 se
3693 4704 3782 4759 hac

2187 4794 2276 4850 bet
2295 4794 2444 4864 vulgi
2472 4795 2704 4850 maxime
2727 4794 2976 4849 militaris
2997 4787 3302 4862 mobilitas,
3325 4797 3639 4868 compuncti
3661 4806 3784 4853 sunt

2184 4886 2431 4958 plerique
2481 4901 2576 4956 per
2621 4895 2836 4942 noctem
2876 4885 2929 4942 in
2969 4887 3244 4943 cubilibus
3283 4889 3398 4944 suis
3423 4931 3439 4956 ,
3483 4890 3690 4947 deserti
3728 4895 3784 4944 ut

2189 4981 2389 5038 Vitellii
2418 4981 2735 5052 paenitentia
2763 4999 2775 5034 :
2805 4997 2873 5037 ne
2898 4981 2944 5036 si
2971 4981 3222 5052 superior
3249 4981 3405 5038 ﬁeret
3429 5025 3444 5049 ,
3473 4985 3659 5039 nullus
3686 4983 3782 5040 sibi

2189 5076 2364 5130 veniat:
2393 5075 2543 5130 locus
2577 5083 2924 5145 superesset,
2968 5075 3058 5145 qui
3100 5076 3483 5146 imperatorem
3507 5079 3781 5149 proprium

2188 5168 2632 5240 dereliquissent.
2676 5167 2746 5223 Et
2782 5179 3066 5239 surgentes
3101 5170 3277 5240 primo
3308 5187 3430 5227 cum
3460 5173 3637 5228 obviis
3667 5171 3782 5244 qui-

2185 5262 2394 5333 busque
2419 5303 2433 5326 ,
2480 5261 2676 5317 deinde
2717 5275 2839 5325 cum
2881 5262 3132 5318 omnibus
3177 5262 3434 5320 conferre
3461 5275 3778 5336 ceperunt,

2187 5353 2459 5425 quomodo
2506 5362 2745 5409 erratum
2793 5353 3184 5420 emendarem;
3225 5357 3640 5429 evaginatisque
3677 5357 3782 5429 gla-

2184 5447 2293 5502 diis
2314 5487 2328 5511 ,
2362 5445 2685 5501 insiluerunt
2712 5461 2876 5517 super
2901 5443 3194 5502 Cecinnam
3224 5447 3474 5505 volentes
3510 5450 3682 5506 ultum
3712 5450 3780 5504 ire

2185 5539 2436 5612 injuriam
2458 5553 2570 5595 suae
2596 5539 2958 5611 prolapsionis
2981 5556 2997 5608 ;
3025 5539 3121 5596 sed
3143 5539 3638 5602 intervenientibus
3659 5558 3775 5601 cen-

2262 5723 2284 5750 °
2316 5707 2599 5765 Amitteret.
2631 5701 2708 5760 In.

2263 5781 2290 5819 ά
2330 5779 2424 5835 νει
2452 5779 2508 5833 in
2536 5775 2777 5846 imperio.
2808 5775 2886 5833 In.
