3948 6334
283 386 438 443 ἳ129

1158 390 1430 449 lllSTOR.
1478 393 1563 451 DE
1604 393 1887 452 EXCIDIO
1925 394 2195 453 HIEROS.
2229 395 2433 454 URBIS
2473 395 2604 454 LIB.
2648 399 2734 455 ιν.

3457 406 3598 464 ειδο

286 499 600 557 turionibus
627 513 683 558 et
702 501 1013 560 chiliarcltis
1039 547 1053 572 ,
1081 521 1111 561 a
1141 520 1273 562 nece
1299 506 1517 576 quidem
1539 510 1659 580 ejus
1685 519 1892 580 tetnpe-
1917 510 1972 573 Α
1997 510 2178 578 ribus,
2213 521 2271 566 ut
2299 526 2516 567 sensum
2543 513 2818 569 amitteret
2850 513 3013 570 futuri
3045 517 3131 572 vel
3163 518 3474 587 opprobrii,
3507 521 3595 576 vel

284 596 524 652 randum
557 597 699 664 rati,
726 605 754 637 ει
782 600 981 654 vietum
1015 610 1191 656 tamen
1225 601 1443 657 Vitellio
1469 601 1703 674 dirigere
1735 619 1891 676 para-

284 685 446 742 bant.
477 689 595 756 Quo
625 690 842 760 cognito
870 732 884 758 ,
927 692 1194 747 Antonius
1225 694 1390 748 movit
1417 709 1510 749 eos
1540 711 1675 765 quos
1703 711 1886 752 secum

281 778 622 847 deduxerat,
654 791 710 835 et
749 782 918 837 armis
945 798 1109 853 super
1149 785 1450 841 defectores
1485 770 1676 842 irruit:
1722 798 1776 843 at
1809 789 1887 844 illi

280 872 406 926 viso
437 873 653 943 agmine
692 873 861 943 partis
899 864 1143 930 adversm
1169 918 1183 942 ,
1219 887 1544 947 paraverunt
1570 894 1630 934 se
1654 879 1722 935 ad
1750 896 1888 949 pra:-

278 964 423 1021 lium
455 984 467 1020 :
501 967 595 1022 sed
627 968 901 1038 pauliSper
937 970 1055 1024 ausi
1101 971 1392 1033 resiStere.
1427 971 1515 1026 ubi
1560 987 1618 1028 se
1658 988 1888 1029 convcr-

284 1068 407 1114 tere
441 1069 496 1113 ut
525 1057 849 1116 Cremonam
879 1061 1233 1133 confugerent
1259 1105 1274 1128 ,
1306 1078 1428 1118 cum
1462 1065 1734 1135 equitibus
1775 1063 1888 1119 An-

281 1152 470 1205 tonius
509 1152 785 1220 occurrit,
829 1163 992 1223 atque
1032 1169 1224 1210 omnes
1272 1155 1535 1224 przrvenit
1576 1157 1788 1211 aditus:
1818 1171 1886 1212 nc

275 1243 671 1313 confugientes
711 1245 1089 1316 reciperentur
1115 1288 1128 1312 ,
1171 1246 1497 1320 clausosque
1536 1258 1662 1304 ante
1699 1248 1884 1306 urbem

275 1332 581 1389 interfecit.
609 1332 760 1390 Caesa
789 1334 918 1394 illic
945 1335 1237 1391 multitudo
1264 1338 1496 1391 maxima
1517 1379 1533 1402 ,
1565 1338 1800 1408 reliquos
1829 1341 1884 1393 in

274 1427 455 1497 ipsam
501 1427 689 1483 urbem
739 1439 1056 1500 perseeutus
1102 1432 1350 1500 peremit.
1397 1431 1611 1503 Direpta
1659 1434 1839 1489 omnia
1866 1477 1879 1502 ,

273 1519 496 1588 plurimi
528 1521 722 1576 incolae
754 1521 951 1592 prmdae
975 1537 1136 1578 cauSa
1161 1525 1378 1592 necati,
1407 1523 1536 1580 dum
1574 1542 1669 1581 sua
1703 1526 1882 1582 vindi-

272 1623 426 1668 cant.
464 1614 742 1670 Exstincta
793 1615 1012 1686 triginta
1063 1616 1234 1672 millia
1277 1627 1332 1672 et
1375 1617 1591 1673 ducenti
1635 1620 1761 1686 viri,
1790 1619 1881 1689 qui

267 1707 503 1764 aderant
525 1708 592 1764 de
615 1710 859 1765 exercitu
881 1708 1106 1765 Vitellii.
1137 1709 1461 1782 Primusque
1502 1711 1579 1785 (id
1601 1713 1745 1767 enim
1768 1710 1881 1767 An-

266 1801 427 1855 tonio
465 1810 884 1871 cognomentum
918 1802 1068 1874 erat)
1099 1812 1330 1873 quatuor
1358 1804 1526 1860 millia
1557 1805 1878 1876 quingentos

1995 602 2226 673 periculi
2255 621 2268 656 :
2301 603 2509 673 rapitur
2538 619 2568 658 e
2598 604 2848 660 convivio
2867 647 2881 671 ,
2921 605 3150 663 trahitur
3179 626 3275 679 per
3297 611 3597 666 multitudi-

1993 709 2148 761 nem,
2185 695 2471 749 insultatur
2511 696 2806 763 morituro,
2843 697 3147 754 inferuntur
3178 702 3425 770 injuriae,
3456 718 3593 773 quas

1993 787 2174 842 ebrius
2207 801 2310 842 non
2341 787 2630 843 sentiebat.
2664 788 2719 842 In
2751 789 2927 844 media
2963 791 3246 860 perimitur
3272 795 3434 860 urbe,
3468 797 3592 850 vina

1992 879 2152 933 simul
2199 892 2250 934 et
2297 881 2614 950 sanguinem
2663 881 2922 948 fundens,
2969 893 3221 938 eructans
3265 886 3588 955 crapulam;

1991 973 2080 1040 qui
2119 973 2163 1025 si
2205 972 2406 1027 diutius
2437 973 2698 1040 vixisset,
2732 974 2956 1030 luxuria:
2989 978 3293 1045 sumptibus
3331 989 3384 1034 et
3418 982 3593 1048 pretio

1991 1078 2302 1118 mensarum
2331 1063 2559 1118 Romani
2597 1065 2813 1136 imperii
2857 1085 2988 1138 opes
3018 1071 3391 1140 abligurisset.
3427 1072 3594 1127 Deni-

1990 1171 2095 1226 que
2123 1168 2246 1210 octo
2277 1157 2554 1210 mensibus
2578 1167 2633 1210 et
2663 1159 2898 1228 quinque
2925 1159 3118 1216 diebus
3150 1162 3499 1230 itnperitavit.
3525 1164 3592 1218 Et

1986 1249 2095 1320 jam
2146 1250 2316 1304 Roma
2358 1251 2624 1307 edacitate
2652 1253 2770 1321 ejus
2809 1252 3106 1310 defecerat.
3139 1255 3430 1311 Numerata
3465 1266 3592 1314 sunt

1988 1344 2091 1400 alia
2124 1360 2389 1402 caesorum
2417 1361 2584 1417 supra
2611 1347 2638 1386 ι’
2666 1348 2955 1417 quingenta
2986 1351 3178 1406 millia.

2523 1440 2754 1497 CAPUT
2805 1441 3048 1499 XXXIII.

2059 1531 2317 1602 Sequenti
2363 1541 2544 1589 autem
2590 1533 2677 1589 die
2723 1535 2992 1590 Mutianus
3037 1546 3093 1592 et
3140 1537 3409 1594 Antonius
3456 1554 3582 1593 cum

1986 1624 2226 1682 exercitu
2272 1626 2476 1695 pariter
2506 1626 2732 1697 ingressi
2759 1668 2775 1693 ,
2808 1627 2897 1683 vix
2929 1629 3091 1683 finem
3125 1629 3355 1686 necandi
3397 1630 3585 1686 furen-

1986 1720 2127 1775 tibus
2168 1720 2432 1775 militibus
2483 1722 2820 1790 imposuere,
2857 1738 2922 1776 eo
2969 1723 3111 1793 quod
3160 1734 3585 1796 praesumptor-es

1983 1813 2346 1868 constituendi
2390 1814 2599 1884 imperii
2633 1814 2950 1871 Vitellianos
2987 1818 3452 1887 persequebantur
3476 1861 3490 1885 ,
3532 1831 3590 1876 et

266 1894 344 1949 de
377 1895 631 1966 Mysiucis
651 1896 914 1951 militibus
949 1897 1126 1952 amisit
1160 1914 1173 1951 :
1206 1898 1462 1968 quoniam
1494 1898 1878 1969 desperatione
1909 1907 1957 1966 B
1982 1907 2338 1975 explorabant
2363 1908 2693 1978 privatorum
2712 1907 2927 1974 domos,
2950 1918 3096 1964 tanta
3122 1911 3313 1979 perciti
3338 1912 3585 1982 indigna-

265 1986 467 2041 salutis
496 1987 680 2042 ulcisci
703 2002 764 2044 se
791 1989 1038 2046 volentes
1067 1989 1376 2055 Vitelliani,
1413 1991 1503 2046 ubi
1533 1993 1877 2048 circumven-

267 2089 359 2135 tos
397 2095 458 2135 se
501 2080 682 2138 videre
705 2123 720 2148 ,
755 2082 898 2138 haud
930 2084 1272 2140 incruentam
1310 2098 1364 2141 et
1392 2087 1524 2157 ipsis
1555 2090 1876 2145 Antonianis

265 2174 556 2230 victoriam
585 2191 820 2233 cessere.
857 2178 1082 2234 Solutus
1111 2179 1342 2235 vinculis
1369 2179 1608 2237 Cecinna
1631 2224 1644 2246 ,
1687 2183 1876 2255 dirigi-

268 2275 362 2320 tur
391 2265 456 2320 ad
494 2266 886 2337 Vespasianum
919 2270 988 2325 ab
1014 2267 1294 2338 Antonio;
1334 2271 1519 2342 ibique
1554 2287 1664 2328 non
1695 2273 1872 2330 solum

265 2358 467 2414 salutis
511 2363 834 2427 securitate;
881 2363 974 2418 sed
1015 2363 1177 2419 etiam
1223 2365 1570 2434 praemiorum
1599 2367 1875 2424 solutione

267 2450 584 2508 consolatus
614 2459 700 2508 cst
729 2454 994 2510 maculam
1024 2456 1368 2526 proditionis.

838 2570 1066 2628 CAPUT
1107 2572 1301 2629 XXXI.

346 2659 511 2730 Cujus
550 2662 795 2718 victoria:
839 2666 1031 2720 nuntio
1067 2667 1243 2722 elatus
1283 2668 1552 2736 Sabinus,
1593 2669 1780 2726 volens
1819 2680 1875 2727 et

271 2756 392 2826 ipse
413 2755 939 2813 commendationem
960 2759 1064 2813 sibi
1085 2761 1226 2829 apud
1251 2762 1638 2832 imperatorem
1659 2778 1871 2832 parare,

269 2849 318 2902 si
352 2849 677 2918 praeveniret
700 2848 1077 2907 advenientem
1103 2851 1397 2908 Antonium
1423 2854 1621 2910 Vitellii
1651 2855 1738 2909 vel
1760 2855 1873 2910 exi-

271 2939 385 3005 tio,
415 2940 504 2996 vel
541 2941 902 3010 expulsione:
936 2954 1027 2999 aut
1064 2945 1110 2998 si
1148 2946 1426 3001 resisteret
1453 2945 1740 3012 Vitellius,
1775 2963 1869 3001 su-

268 3035 584 3106 perveniret
618 3036 887 3092 Antonius
909 3079 922 3102 ,
953 3037 1042 3107 qui
1069 3038 1180 3107 jam
1209 3038 1429 3110 jamque
1468 3038 1730 3096 affuturus
1769 3057 1869 3096 au-

268 3129 553 3196 diebatur,
579 3139 874 3201 congregat
897 3131 1000 3186 sibi
1030 3132 1319 3189 militarem
1343 3150 1562 3189 manum
1585 3150 1650 3190 ex
1676 3135 1760 3190 his
1781 3149 1870 3190 or-

267 3219 492 3275 dinibus
518 3221 608 3290 qui
639 3219 826 3277 Romae
855 3222 1014 3292 positi
1040 3223 1304 3280 curabant
1325 3227 1504 3280 munia
1526 3226 1831 3297 vigiliarum
1849 3269 1865 3294 ,

1983 2001 2164 2065 tione,
2195 2012 2252 2055 ut
2276 2017 2396 2058 cum
2420 2001 2486 2057 de
2515 2002 2714 2072 populo
2736 2002 2949 2074 aliquos
2974 2015 3121 2060 metu
3145 2005 3378 2061 latentes
3405 2006 3585 2062 inves-

1981 2094 2271 2165 tigasscnt,
2326 2097 2475 2164 prius
2525 2095 2677 2166 quasi
2722 2096 3040 2152 Vitellianos
3095 2095 3370 2165 ferirent,
3419 2115 3580 2169 quam

1979 2186 2214 2256 cognitio
2242 2188 2528 2242 veritatem
2570 2185 2974 2256 manifestaret,
3018 2199 3077 2243 ιιι
3117 2191 3315 2260 saepius
3352 2191 3582 2247 vincen-

1979 2282 2110 2333 tium
2141 2279 2292 2334 furor
2328 2280 2813 2349 interrogationem
2851 2282 3196 2350 praeveniret.
3231 2283 3301 2337 Et
3325 2283 3450 2354 quia
3482 2285 3578 2340 ab-

1978 2387 2108 2426 sens
2149 2381 2267 2426 erat
2307 2370 2712 2442 Vespasianus,
2758 2371 2914 2442 quasi
2955 2372 3023 2428 ad
3061 2375 3352 2445 interregni
3405 2376 3580 2432 vicem

1979 2462 2884 2534 DomitianumpublicisMutianus
2902 2463 3142 2533 prmfecit
3165 2466 3418 2540 negotiis,
3455 2479 3475 2505 ε
3510 2482 3581 2521 ne

1978 2557 2104 2630 quid
2127 2557 2243 2628 ejus
2266 2557 2665 2613 deessetrebus
2692 2557 2966 2612 secundis.
2995 2557 3245 2613 Nondum
3266 2567 3446 2614 tamen
3472 2559 3580 2612 Πομ

1977 2651 2205 2706 mitiano
2227 2667 2286 2706 se
2309 2652 2524 2722 penitus
2548 2650 2819 2706 infuderat
2841 2652 3007 2707 libido
3031 2653 3359 2724 flagitiorum
3385 2672 3399 2712 :
3427 2655 3579 2711 rudis

1975 2742 2155 2797 adhuc
2180 2743 2356 2806 vitiis,
2387 2752 2440 2796 et
2470 2741 2573 2796 tiro
2597 2741 2921 2798 criminibus
2951 2753 3008 2798 ut
3039 2747 3417 2814 potestatibus.
3446 2745 3580 2802 Ves-

1976 2834 2234 2904 pasianus
2278 2833 2460 2888 hieme
2508 2842 2754 2890 retentus
2786 2877 2800 2899 ,
2851 2845 3015 2907 atque
3057 2838 3362 2894 intercluso
3401 2840 3578 2894 ventis

1975 2925 2150 2991 mari,
2186 2940 2309 2980 cum
2343 2924 2454 2979 filio
2498 2925 2888 2981 Alexandriam
2925 2927 3088 2982 rediit
3127 2946 3138 2980 :
3184 2928 3298 2983 illic
3333 2928 3577 2984 victoria:

1975 3018 2165 3072 nuntio
2207 3016 2487 3086 plebisque
2534 3017 2798 3073 Romana:
2840 3030 3122 3088 comperto
3163 3021 3307 3076 inse
3351 3021 3576 3087 favore,

1974 3107 2368 3180 profectionem
2402 3109 2781 3165 maturandam
2813 3114 3138 3178 constituit,
3187 3129 3257 3169 ne
3299 3115 3426 3186 quid
3471 3115 3570 3171 ab-

1974 3210 2132 3256 sente
2183 3217 2242 3256 se
2282 3212 2613 3258 novaretur:
2663 3219 2766 3259 nec
2803 3212 2982 3259 tamen
3021 3204 3333 3261 incuratum
3373 3205 3575 3262 Judmte

266 3322 501 3381 occupat
528 3320 689 3369 nocte
723 3324 778 3370 et
803 3314 1127 3385 Capitolium
1157 3333 1172 3370 :
1206 3318 1422 3386 plurimi
1453 3318 1521 3374 ad
1556 3292 1680 3374 eum
1708 3292 1866 3375 nobis

1980 3292 2176 3349 bellum
2208 3296 2468 3366 reliquit,
2503 3294 2648 3365 quod
2689 3294 2830 3362 ﬁlio,
2874 3296 3026 3366 quasi
3071 3299 3313 3352 consorti
3345 3312 3568 3354 suorum

269 3405 405 3461 lium
436 3421 532 3476 per
573 3406 716 3463 diem
745 3407 1092 3475 confluxere,
1137 3411 1280 3466 inter
1309 3427 1445 3481 quos
1483 3412 1646 3467 etiam
1680 3412 1865 3468 Domi-

266 3502 452 3557 tianus
482 3502 799 3571 VeSpasiani
825 3518 1089 3574 germano
1117 3504 1324 3572 editus,
1359 3501 1449 3576 qui
1483 3514 1764 3571 metuens,
1799 3522 1868 3561 ne

267 3597 322 3650 itt
354 3610 415 3650 se
447 3595 601 3665 quasi
635 3595 688 3650 in
721 3595 1043 3666 Vespasiani
1075 3609 1364 3666 nepetem,
1401 3597 1691 3653 Vitelliana
1731 3597 1866 3652 ultio

265 3688 639 3753 derivaretur;
674 3688 817 3745 inter
836 3689 975 3746 duos
1006 3691 1215 3758 positus
1242 3689 1524 3755 Vitellios,
1555 3692 1864 3761 prepiorcm

263 3780 544 3848 adoritur,
579 3783 758 3838 minus
784 3783 1051 3839 sollicitus
1082 3784 1150 3838 de
1194 3784 1490 3840 remotiore
1534 3783 1688 3855 (plus
1719 3784 1865 3838 enim

264 3875 522 3946 propiora
567 3884 775 3931 terrent
818 3875 1111 3947 pericula).
1163 3876 1582 3946 lndignatusqne
1623 3876 1866 3930 immittit

263 3970 570 4026 Germanos
596 3970 649 4025 in
679 3970 1030 4042 Capitolium,
1058 3972 1148 4041 qui
1177 3970 1500 4041 przeferoces
1531 3969 1864 4024 immanitate

262 4062 443 4134 gentis
459 4104 472 4127 ,
497 4061 658 4117 simul
683 4078 910 4117 numero
929 4062 1216 4116 validiores
1239 4104 1253 4127 ,
1281 4061 1755 4115 circumvenerunt
1779 4074 1863 4113 re-

263 4155 598 4212 bellatricem
623 4155 808 4210 Sabini
831 4165 1102 4211 catervam
1127 4173 1138 4208 :
1167 4154 1434 4210 interfecti
1456 4168 1622 4222 prope
1649 4167 1858 4206 omnes.

264 4248 604 4302 Domitianus
656 4256 833 4302 tamen
878 4262 1000 4303 cum
1059 4248 1334 4317 plerisque
1376 4245 1681 4312 nobilium,
1733 4243 1862 4298 dum

262 4339 520 4394 Germani
544 4339 608 4393 ad
641 4340 920 4409 superiora
948 4338 1198 4410 Capitolii
1223 4341 1498 4403 nituntur,
1523 4348 1577 4392 et
1603 4354 1630 4391 a
1659 4337 1864 4393 Sabino

262 4433 491 4503 ejusque
528 4435 692 4488 sociis
732 4435 836 4488 loci
883 4434 1158 4502 pelluntur
1182 4474 1194 4497 ,
1229 4431 1485 4501 sull‘ragio
1515 4429 1755 4501 fugiendi
1786 4431 1864 4483 lo-

261 4542 388 4583 cum
416 4526 644 4596 reperit,
671 4536 760 4580 aut
789 4525 929 4582 forte
948 4568 962 4590 ,
991 4525 1112 4595 quia
1138 4534 1191 4578 et
1217 4524 1332 4593 ipse
1363 4524 1506 4577 malo
1534 4523 1751 4591 publico
1779 4537 1865 4577 re-

260 4619 586 4677 servabatur
608 4630 868 4690 tyrannus
895 4619 1108 4672 futurus
1137 4633 1150 4670 :
1191 4616 1451 4670 Sabinum
1486 4615 1735 4671 Vitellius
1765 4632 1863 4671 ex-

1971 3402 2198 3456 operum
2227 3401 2290 3442 ac
2318 3389 2624 3443 successori
2647 3388 3095 3443 committendum
3117 3389 3328 3458 putavit
3355 3406 3367 3443 :
3399 3398 3455 3444 ut
3477 3405 3577 3445 ne.-

1971 3494 2080 3549 que
2108 3479 2369 3535 Romanis
2399 3481 2514 3550 ipse
2545 3480 2794 3547 deesset,
2827 3496 3004 3552 neque
3040 3481 3246 3536 Judaeis
3281 3480 3570 3553 Vespasia-

1970 3587 2074 3628 nus
2092 3615 2106 3640 ,
2132 3588 2291 3644 quem
2319 3572 2464 3626 filius
2489 3581 2930 3642 repraesentaret.
2963 3573 3260 3629 Exsecutor
3288 3573 3454 3643 igitur
3481 3591 3575 3642 pa-

1971 3664 2112 3719 terni
2155 3665 2360 3719 electus
2391 3663 2689 3734 triumphi,
2727 3679 2849 3719 cum
2891 3665 3067 3720 electa
3112 3680 3278 3720 manu
3316 3663 3570 3737 dirigitur

1970 3755 2159 3822 Titus,
2209 3755 2376 3825 pedes
2420 3755 2716 3824 egreditur,
2749 3754 3053 3826 Nicopolim
3088 3756 3238 3823 petit.
3285 3757 3455 3811 Abest
3504 3771 3570 3812 ea

1968 3847 2164 3900 civitas
2200 3847 2267 3900 ab
2313 3846 2637 3901 Alexandria
2685 3848 2872 3916 viginti
2916 3855 3147 3914 quatuor
3179 3847 3409 3902 stadiis:
3442 3847 3568 3903 inde

1969 3938 2232 3995 militibus
2261 3940 2424 3995 classi
2462 3941 2678 3995 navium
2709 3940 2974 4009 majorum
3006 3941 3437 4011 impositis,Nilo
3466 3942 3565 3998 dc-

1968 4033 2138 4087 currit
2165 4048 2336 4102 usque
2361 4033 2427 4086 ad
2451 4033 2642 4088 urbem
2666 4033 2693 4069 ά
2715 4033 2915 4088 Thoni.
2948 4033 3101 4089 Unde
3123 4049 3449 4104 progressus
3471 4035 3569 4090 ha-

1967 4123 2160 4179 bitavit
2202 4124 2254 4177 in
2304 4123 2521 4180 civitate
2565 4124 2652 4179 cui
2698 4140 2895 4179 nomen
2936 4136 2958 4162 ε
3001 4124 3271 4181 Thamna.
3315 4127 3566 4182 Secunda

1965 4217 2178 4272 mansio
2206 4218 2478 4273 viantibus
2505 4218 2694 4272 civitas
2727 4218 3022 4280 Heraclea.
3055 4221 3210 4275 tertia
3243 4220 3560 4276 Pelusium:

1967 4311 2179 4368 duobus
2209 4312 2404 4368 diebus
2440 4313 2765 4368 stativorum
2801 4314 2972 4382 gratia
3005 4313 3204 4369 Pelusii
3237 4314 3524 4370 transaCIis
3553 4356 3567 4381 ,

1971 4419 2065 4474 per
2086 4405 2360 4461 desertum
2380 4421 2545 4476 agens
2574 4407 2705 4472 iter,
2738 4406 2986 4474 pervenit
3013 4421 3184 4476 usque
3214 4405 3282 4461 ad
3300 4406 3443 4462 Casii
3475 4406 3572 4462 Jo-

1967 4499 2049 4552 vis
2083 4499 2340 4569 templum
2370 4515 2381 4552 :
2417 4498 2662 4553 succedit
2692 4499 2741 4553 ei
2768 4495 3050 4553 Ostracine
3081 4498 3290 4552 mansio
3319 4512 3457 4568 aqua
3487 4497 3569 4552 Io-

1969 4609 2066 4649 cus
2095 4594 2377 4664 indigens;
2403 4603 2582 4647 tamen
2609 4593 2891 4662 diligentia
2920 4591 3112 4646 incola:
3137 4591 3238 4645 sibi
3261 4591 3565 4646 subsidium

262 4711 567 4766 cruciatum
607 4683 795 4776 necat,
841 4709 1169 4778 diripiuntur
1197 4706 1382 4762 omnia
1423 4722 1646 4764 munera
1680 4707 1860 4764 oblata
1889 4683 1943 4742 D
1970 4695 2291 4756 Ρ³Γ³νθτ³¹¹¹
2312 4726 2329 4752 ν
2355 4695 2414 4740 υι
2437 4686 2782 4740 “Humorem
2804 4685 2994 4740 dum“
3017 4700 3301 4754 aquamm'
3329 4685 3568 4756 Excepe‘

262 4805 536 4876 Capitolio
556 4846 571 4872 ,
605 4806 978 4886 templumque
1004 4803 1332 4860 incenditur.

818 4918 1049 4975 CAPUT
1087 4915 1284 4996 χχχιι

342 5042 469 5098 Post
490 5042 634 5098 diem
663 5041 932 5097 Antonius
976 5039 1131 5097 adest
1164 5059 1177 5096 :
1207 5056 1238 5097 e
1273 5041 1492 5097 diverso
1524 5054 1863 5112 occurritur,

265 5135 416 5191 trino
429 5135 568 5189 circa
589 5133 710 5190 ubis
725 5134 926 5189 moenia
949 5147 1248 5203 congressu
1270 5133 1483 5188 habito:
1506 5134 1609 5189 fusi
1628 5137 1866 5208 caesique

266 5243 464 5285 omnes
495 5227 811 5284 Vitelliani:
846 5226 1054 5282 interea
1097 5225 1350 5281 Vitellius
1394 5228 1747 5296 epulabatur,
1798 5246 1867 5286 ne

265 5322 547 5377 amitteret
599 5321 897 5375 moriturus
949 5318 1279 5389 prandium,
1334 5328 1388 5374 et
1432 5320 1870 5377 redundantiori-

267 5415 372 5470 bus
394 5413 486 5483 (ut
509 5412 562 5466 in
584 5413 843 5467 extremis
865 5408 1033 5478 solet)
1065 5425 1263 5465 mensae
1287 5410 1390 5465 sibi
1417 5409 1617 5465 ultimae
1640 5412 1871 5482 dapibus

267 5504 676 5564 rcfertiehatur.
723 5502 1000 5559 Obruebat
1054 5517 1114 5556 se
1156 5501 1264 5556 vini
1296 5501 1503 5573 poculis
1537 5501 1870 5574 frequentio-

345 5607 373 5635 δ
419 5597 672 5652 Vinctum.
700 5594 868 5651 Bann.

347 5669 377 5706 ι)
412 5667 802 5738 Quinquaginta
829 5665 998 5738 millia
1020 5706 1035 5732 ,
1066 5665 1268 5721 rectius
1294 5682 1360 5721 cx
1388 5666 1648 5738 Josepho.
1675 5665 1749 5723 In.

357 5752 377 5774 ν
414 5738 498 5794 Ne
523 5741 638 5806 quis
663 5737 858 5793 navus.
893 5737 969 5791 In.

351 5809 377 5845 ά
412 5811 490 5880 Ex
523 5804 764 5880 .loseplto
795 5805 1139 5880 scribendum
1167 5804 1414 5880 Tlmtttin.
1447 5809 1522 5863 lo.
1700 5865 1705 5870 ,

355 5891 376 5916 ι·
407 5879 529 5936 Vel.
552 5866 698 5942 cod...
717 5880 898 5945 Tunis,
922 5875 1068 5947 quod
1092 5878 1360 5932 consentit
1381 5894 1504 5932 eum
1528 5866 1783 5943 losoplto.
1809 5866 1880 5932 in.

1971 4788 2097 4836 runt
2139 4778 2156 4815 ί
2198 4778 2554 4835 Rhinocoluri
2597 4779 2892 4834 exercitum
2949 4779 3417 4848 progredientem,
3459 4793 3569 4835 non

1970 4874 2091 4927 sine
2117 4881 2269 4943 grata
2298 4873 2616 4927 refectione.
2643 4872 2892 4926 Occurrit
2918 4873 3050 4926 urbs
3079 4880 3103 4918 8
3135 4871 3374 4942 Raphaaa
3403 4913 3418 4937 ,
3450 4887 3572 4941 qua:

1967 4965 2158 5019 civitas
2184 4963 2358 5036 Syria:
2386 4964 2710 5034 principium
2737 4973 2842 5028 est,
2863 4979 2927 5017 ex
2955 4962 3190 5034 IEgypto
3219 4963 3580 5018 commeanti—

1976 5054 2098 5110 bus.
2131 5054 2364 5111 Ventum
2387 5065 2472 5111 est
2495 5056 2692 5110 Gazam
2713 5097 2728 5122 ,
2760 5070 2822 5110 ea
2845 5064 2964 5110 erat
2983 5055 3165 5125 quinta
3195 5054 3387 5109 civitas
3411 5053 3574 5110 adve-

1975 5149 2267 5206 nientibus.
2303 5149 2430 5205 lndc
2456 5149 2509 5205 iu
2539 5148 2860 5205 Ascalonem
2884 5190 2897 5215 ,
2932 5148 3128 5204 deinde
3156 5146 3182 5184 ιι
3201 5148 3470 5204 Jamniam
3502 5163 3572 5204 ex

1975 5255 2077 5310 qua
2111 5241 2395 5297 transitum
2421 5243 2473 5296 in
2510 5241 2750 5312 .loppen,
2785 5249 3103 5311 perventum
3127 5241 3181 5295 in
3217 5238 3524 5297 Ctesaream
3554 5256 3569 5293 :

1977 5331 2070 5384 ubi
2092 5348 2318 5389 necesse
2358 5343 2477 5390 erat
2505 5333 2782 5404 paulisper
2809 5335 3043 5398 morari,
3077 5347 3414 5402 congregare
3439 5347 3575 5402 quo-

1975 5441 2083 5497 que
2108 5429 2342 5483 militum
2373 5444 2591 5484 manum
2613 5471 2627 5495 ,
2659 5444 2779 5498 quae
2800 5428 2976 5483 adhuc
3006 5429 3058 5483 in
3087 5425 3327 5483 hibernis
3358 5426 3576 5496 agebat,

1977 5531 2034 5576 et
2060 5521 2172 5592 jam
2191 5521 2400 5578 ’hiemis
2424 5523 2692 5593 asperitas
2713 5520 3014 5578 deﬁciebat.

2063 5616 2081 5652 τ
2122 5615 2424 5669 Rinochori.
2459 5616 2534 5671 In.

2061 5696 2086 5756 tt
2118 5684 2389 5753 .losephus
2422 5687 2646 5756 Rapltia.
2684 5687 2757 5742 in.

2057 5753 2083 5792 ι·
2115 5756 2189 5810 lta
2222 5751 2615 5827 rescripsimus.
2645 5757 2790 5814 Etliti
2818 5769 3095 5828 perperam
3123 5751 3419 5809 Gamniam.
3445 5753 3590 5809 Gtt.-

1988 5841 2145 5884 Ιηιιιι).
