3948 6336
459 326 593 387 2151

1789 325 2031 384 SANCTI
2069 324 2391 381 AMBROSH

3639 323 3679 377 Ξ

3728 323 3765 375 5

3773 321 3802 376 3

1622 473 1968 554 LIBER
2025 469 2582 579 QUINTUS.

989 679 1220 739 CAPUT
1263 680 1547 736 PRIMUM.

535 779 691 834 Anno
723 777 897 848 primo
929 773 1091 830 delati
1136 771 1352 842 imperii
1384 771 1742 843 Vespasiano,
1788 773 1945 829 bellis
1977 789 2064 829 as-

461 872 606 940 peris
637 869 821 924 Judtea
855 875 909 922 et
947 865 1319 922 seditionibus
1350 863 1669 919 domesticis
1699 863 2066 931 lacerabatur,

461 979 562 1016 nec
601 977 694 1033 per
735 961 972 1015 hiemem
1015 957 1262 1013 inducias
1301 957 1568 1012 malorum
1600 966 1822 1029 egerat,
1850 959 2069 1029 quando

457 1055 636 1110 solent
667 1053 930 1108 bellorunt
955 1065 1098 1106 Steva
1129 1050 1474 1118 requiescere
1499 1067 1511 1102 :
1535 1049 1663 1118 quin
1689 1051 1849 1104 etiam
1877 1051 2071 1107 tertius

457 1149 508 1203 ei
533 1157 793 1221 tyrannus
823 1147 1115 1201 Eleazarus
1134 1151 1470 1209 accesserat,
1500 1143 1655 1214 quasi
1681 1145 2070 1201 emendaturus

461 1237 590 1294 vitia
619 1239 962 1308 superiorum
991 1254 1004 1301 ;
1038 1236 1130 1306 qui
1160 1234 1574 1303 conjurantibus
1598 1250 1782 1290 secum
1815 1235 1953 1291 Juda
1977 1279 1991 1303 ,
2018 1245 2073 1292 et

462 1330 703 1386 Zenonis
743 1329 1000 1393 Simone,
1045 1338 1098 1380 et
1137 1327 1372 1381 Ezecbla
1420 1342 1528 1380 non
1571 1327 1792 1398 ignobili
1829 1329 2067 1398 juvene,

463 1439 598 1492 quos
628 1423 846 1491 plurimi
890 1421 980 1475 alii
1014 1419 1436 1483 comitabantur,
1469 1430 1524 1474 et
1569 1422 1852 1490 OCCUpallS
1884 1424 2071 1493 templi

466 1512 821 1567 interioribus
847 1522 901 1567 et
924 1511 1154 1566 circuitu
1184 1512 1333 1565 omni
1357 1553 1369 1574 ,
1391 1525 1554 1580 supra
1581 1511 1722 1567 fores
1741 1513 1791 1565 in
1817 1511 2071 1568 vestibuli

465 1605 634 1675 ipsius
659 1605 834 1658 fronte
853 1645 866 1668 ,
888 1619 1036 1658 arma
1062 1603 1420 1658 constituere.
1465 1601 1709 1659 Joannes
1737 1614 1916 1660 tamen
1943 1621 2075 1661 con-

465 1694 789 1764 spirantium
805 1710 1030 1750 numero
1046 1695 1341 1765 prrestabat
1359 1703 1412 1750 et
1426 1694 1677 1750 factionis
1692 1696 2064 1765 multitudine,

463 1787 557 1842 sed
603 1787 724 1842 loco
766 1787 994 1842 inferior
1032 1804 1045 1840 :
1095 1788 1342 1857 quamvis
1381 1803 1723 1858 nequaquam
1757 1791 2068 1859 feriaretur,

466 1878 560 1932 sed
609 1888 937 1948 repugnaret
995 1879 1407 1948 superioribus,
1460 1882 1792 1949 gravabatur
1853 1894 2064 1950 tamen,
2116 1923 2120 1930 ς

466 1973 608 2042 (ιιιοὰ
651 1987 815 2040 supra
863 1973 1125 2028 verticem
1171 1971 1397 2043 haberet
1447 1972 1656 2030 hostes.
1705 1974 1896 2031 Simon
1941 1993 2070 2032 vero

2098 683 2149 744 Α
2180 681 2518 751 quibusdam.
2560 683 2641 738 vel
2694 682 2952 737 horarum
3009 699 3069 739 sc
3121 695 3441 753 repararent
3489 685 3738 742 induciis
3781 705 3798 740 :

2168 771 2404 828 Joannes
2433 789 2560 828 vero
2593 789 2809 845 semper
2854 775 2906 829 in
2959 777 3240 846 procinctu
3266 823 3279 845 ,
3327 778 3627 833 momentis
3665 794 3797 833 om-

2173 865 2332 920 nibus
2362 865 2414 920 in
2440 867 2738 922 certamine
2767 884 2780 922 :
2814 869 2856 922 si
2891 872 3202 938 superiores
3230 871 3589 938 quieveram,
3621 886 3799 941 urge-

2174 957 2598 1014 bantinferiores
2625 975 2690 1014 ex
2727 969 2878 1018 parte
2909 960 3144 1015 Simonis
3171 979 3185 1017 :
3219 962 3263 1016 si
3297 960 3396 1016 hos
3429 961 3798 1031 perturbave-

2171 1061 2334 1116 rant,
2383 1051 2674 1107 Eleazarus
2718 1051 3012 1108 infestabat
3051 1071 3064 1108 :
3113 1067 3213 1109 nec
3260 1054 3377 1124 ipse
3427 1065 3608 1110 tamen
3657 1056 3797 1110 illos

2171 1143 2382 1213 quietos
2410 1159 2530 1198 esse
2559 1145 2864 1214 patiebatur
2896 1163 2908 1198 :
2939 1146 3027 1200 ubi
3059 1145 3194 1200 alios
3219 1147 3537 1216 depulerat,
3565 1148 3621 1202 in
3645 1148 3796 1204 alios

2175 1237 2510 1305 prosiliebat,
2543 1236 2771 1307 pervigil
2814 1237 2865 1291 in
2914 1239 3247 1304 certamine,
3280 1251 3334 1295 et
3387 1240 3503 1310 ipsa
3550 1241 3796 1312 impiger

2173 1325 2533 1382 crudelitate:
2564 1328 2654 1381 ubi
2686 1329 2986 1396 parcebant
3007 1329 3150 1396 telis,
3187 1331 3339 1400 ignes
3361 1330 3790 1400 jaculabantur,

2173 1417 2264 1486 qui
2293 1419 2710 1488 comprehensis
2753 1429 3022 1474 tectorum
3071 1421 3303 1490 fastigiis
3339 1419 3790 1492 depascebantur

2175 1510 2368 1565 domos
2393 1553 2408 1577 ,
2453 1527 2572 1581 qua:
2614 1513 2827 1566 referta:
2869 1512 3114 1583 frugibus
3151 1515 3473 1586 cazterisque
3517 1517 3792 1571 subsidiis

2173 1599 2560 1656 alimentorum
2584 1645 2597 1669 ,
2624 1603 2690 1657 ad
2723 1603 2852 1658 belli
2879 1604 3222 1659 tolerantiam
3248 1606 3569 1676 prolixioris
3594 1649 3609 1672 ,
3636 1609 3791 1677 pari-

2177 1701 2258 1746 ter
2283 1693 2687 1748 exurebantur:
2721 1695 3027 1767 majorique
3057 1699 3252 1768 pabula
3286 1699 3541 1755 incendio
3570 1700 3789 1756 daban-

2177 1795 2296 1848 tur,
2341 1786 2573 1840 ruebant
2612 1789 2862 1843 ambusta
2909 1789 3297 1859 materiarum,
3347 1791 3789 1851 devolvebantur

2175 1875 2491 1932 sublimium
2540 1878 2895 1936 aediﬁciorum
2941 1882 3201 1938 culmina.
3229 1882 3308 1938 lla
3355 1886 3661 1956 sanguine,
3696 1888 3786 1942 in-

2173 1970 2400 2035 cendio,
2452 1973 2642 2039 ruina,
2693 1974 2870 2043 fame,
2911 1978 3080 2031 totius
3124 1976 3273 2032 urbis
3334 1979 3484 2034 nervi
3531 1981 3785 2036 succide—

463 2079 622 2134 quem
648 2066 748 2119 sibi
774 2073 1062 2136 tyrannum
1087 2064 1318 2134 populus
1343 2066 1749 2134 introduxerat,
1785 2071 2068 2139 superiora

2181 2065 2390 2120 bantur.
2406 2066 2596 2121 Nullus
2613 2065 2764 2121 locus
2783 2067 3026 2136 periculo
3046 2067 3299 2133 vacabat,
3319 2069 3527 2124 nullum
3549 2069 3785 2125 consilio

470 2157 621 2212 urbis
646 2157 864 2212 tenebat
892 2175 904 2211 τ
933 2155 1195 2211 inferiora
1219 2173 1436 2227 quoque
1463 2160 1663 2229 populo
1695 2161 1864 2229 ipsius
1895 2163 2077 2232 reple-

475 2250 689 2303 bantur.
711 2247 1080 2318 Trinoprazlio
1104 2249 1390 2304 laborabat
1418 2251 1558 2305 intra
1579 2266 1637 2305 se
1662 2254 1893 2307 civitas:
1926 2256 2072 2310 nulla

471 2342 824 2408 intermissio,
856 2340 1002 2395 nulla
1034 2343 1284 2411 requies,
1321 2342 1484 2396 nullre
1510 2343 1743 2398 induciae
1785 2363 1798 2399 :
1833 2362 2078 2402 momen-

471 2433 538 2489 tis
577 2434 832 2489 omnibus
869 2433 1247 2489 dimicabatur.
1293 2435 1444 2489 Multi
1492 2436 1759 2503 ruebant,
1807 2439 2078 2496 innumeri

468 2525 880 2595 jugulabantur,
913 2527 1171 2581 manabat
1217 2529 1469 2598 sanguis,
1511 2528 1746 2584 fmdabat
1787 2533 2074 2602 universa,

476 2620 588 2688 ipsa
624 2619 868 2689 replebat
895 2619 1084 2691 templi
1115 2619 1323 2685 limina,
1359 2623 1557 2691 passim
1589 2624 1819 2680 ruebant
1841 2626 2078 2683 cadave-

477 2729 583 2768 ra:
633 2714 846 2784 sagittis
885 2713 1006 2779 alii,
1044 2714 1135 2769 alii
1185 2715 1487 2771 missilibus
1533 2716 1886 2774 feriebantur.
1935 2720 2082 2778 Inter

473 2817 584 2861 tres
607 2808 812 2862 medius
831 2817 947 2863 erat
968 2807 1205 2864 Joannes
1225 2851 1237 2873 ,
1263 2807 1491 2864 inferior
1514 2810 1773 2867 Eleazaro
1791 2855 1805 2880 ,
1830 2814 2083 2883 superior

479 2899 738 2955 Simone:
770 2915 876 2968 quo
905 2901 1268 2969 superabatur
1307 2900 1375 2954 ab
1409 2902 1670 2956 Eleazaro
1696 2945 1708 2968 ,
1741 2919 1807 2958 eo
1845 2907 1963 2976 ipso
1985 2922 2080 2961 su-

481 2993 703 3058 perabat
750 2992 1032 3048 Simonem
1076 3007 1088 3045 :
1135 2993 1346 3048 medius
1395 2995 1540 3048 enim
1601 2997 1744 3051 inter
1789 3007 2082 3070 utrumque

480 3102 603 3142 cum
643 3087 822 3141 locum
859 3086 1112 3152 tenebat,
1140 3095 1166 3123 α
1191 3097 1248 3141 ut
1279 3103 1386 3157 quo
1419 3090 1538 3158 plus
1567 3101 1886 3157 gravaretur
1920 3093 1986 3147 ab
2003 3095 2083 3147 al-

479 3191 627 3245 tero,
653 3190 705 3235 et
737 3179 854 3249 ipse
899 3180 1017 3249 plus
1056 3189 1280 3235 noceret
1310 3179 1502 3246 alteri,
1542 3181 1857 3236 instructior
1901 3194 2079 3239 tamen

478 3272 692 3327 caeteris
744 3270 1003 3326 subsidiis
1051 3272 1458 3338 machinarum,
1500 3283 1553 3326 et
1599 3288 1800 3342 genere
1849 3275 2080 3332 telorum

480 3365 677 3418 bellum
706 3365 994 3434 mquabat;
1045 3363 1113 3417 ita
1149 3373 1360 3430 tamen,
1400 3373 1454 3417 ut
1483 3372 1684 3433 praeter
1712 3378 1808 3420 eos
1847 3367 1935 3436 qui
1970 3366 2084 3422 bel-

2181 2164 2393 2225 tempus
2420 2155 2792 2226 reperiebatur
2817 2199 2831 2222 ,
2878 2158 3020 2212 nulla
3045 2172 3168 2227 spes
3191 2160 3568 2214 conversionis
3592 2202 3606 2224 ,
3633 2160 3780 2214 nulla

2180 2247 2415 2317 fugiendi
2447 2250 2604 2318 copia
2636 2258 2775 2304 erat.
2811 2249 2999 2306 Mtesta
3033 2249 3248 2316 omnia,
3281 2252 3442 2322 plena
3480 2249 3737 2306 horroris
3762 2293 3777 2317 ,

2181 2340 2339 2410 plena
2389 2341 2778 2408 immanitatis,
2813 2343 3012 2413 ubique
3063 2343 3236 2398 luctus
3270 2384 3286 2411 ,
3341 2343 3542 2413 ubique
3585 2359 3776 2414 pavor,

2184 2434 2382 2503 ubique
2397 2434 2606 2488 clamor
2621 2434 2928 2501 mulierum,
2946 2434 3182 2506 ejuiatus
3194 2451 3407 2503 senum,
3432 2436 3780 2491 morientium

2179 2527 2444 2596 gemitus,
2487 2529 2778 2584 viventium
2825 2531 3133 2601 desperatio
3159 2571 3173 2595 ,
3209 2540 3264 2584 ut
3303 2530 3644 2586 miserabiles
3683 2546 3780 2586 eos

2183 2621 2424 2690 diceres,
2447 2623 2537 2694 qui
2567 2635 2970 2690 remanserant;
2995 2625 3180 2680 beatos
3201 2624 3292 2695 qui
3321 2624 3594 2680 obierant.

2808 2713 3040 2772 CAPUT
3079 2715 3144 2770 ll.

2254 2804 2540 2871 Quomodo
2566 2807 2815 2876 decepta,
2867 2809 3082 2874 civitas,
3138 2809 3353 2879 populis
3407 2809 3536 2874 tuis,
3580 2809 3779 2878 quibus

2185 2901 2458 2970 quondam
2488 2902 2758 2957 videbaris
2809 2903 3002 2958 beata?
3041 2903 3324 2971 Quomodo
3370 2912 3677 2973 expugnata
3721 2916 3778 2958 es

2188 2999 2294 3049 tuis
2321 2996 2484 3048 armis
2513 3035 2527 3060 ,
2560 3002 2722 3065 atque
2765 2995 2816 3048 in
2855 3004 2906 3049 te
2941 3009 3220 3049 conversae
3265 3009 3456 3048 manus
3481 3004 3588 3048 tute
3617 3002 3775 3057 sunt,

2183 3101 2305 3155 quae
2330 3086 2544 3141 solebas
2580 3087 2698 3141 sine
2724 3086 2890 3141 armis
2932 3086 3180 3152 vincere,
3212 3095 3268 3140 et
3304 3087 3424 3140 sine
3456 3085 3563 3139 ullo
3593 3085 3780 3154 praelio

2187 3177 2397 3233 hostem
2429 3178 2767 3242 ferire,cum
2795 3190 2891 3247 pro
2923 3186 2974 3231 te
3003 3175 3181 3245 angeli
3212 3175 3571 3238 dimicarent,
3603 3184 3661 3230 et
3683 3175 3782 3228 mi-

2184 3272 2402 3328 litarent
2423 3273 2518 3327 tibi
2540 3271 2734 3327 ﬂuctus
2753 3273 2936 3335 maris,
2955 3281 3110 3325 terra:
3135 3271 3330 3336 hiatus,
3351 3269 3474 3324 coeli
3498 3269 3779 3339 fragores?

2188 3363 2429 3434 Exsurge
2457 3378 2620 3428 nunc.
2651 3363 2848 3428 M0585,
2882 3373 2930 3417 et
2959 3363 3078 3417 vide
3105 3370 3323 3432 gentem
3343 3371 3488 3416 tuam
3521 3373 3572 3416 et
3602 3362 3777 3416 ha're-

482 3458 588 3510 lum
623 3463 926 3516 moverent.
963 3457 1207 3525 plerique
1239 3457 1406 3510 etiam
1441 3458 1782 3513 sacerdotum
1809 3461 2075 3518 interiice-
2108 3457 2154 3517 C
2186 3457 2412 3513 ditatem
2453 3459 2635 3528 populi
2667 3457 2760 3512 tibi
2801 3456 2991 3511 crediti
3026 3457 3201 3526 perire
3234 3455 3481 3511 manibus
3513 3455 3646 3509 suis.
3680 3454 3779 3508 As-

479 3554 687 3612 rentur,
717 3555 876 3616 atque
902 3545 1045 3600 inter
1073 3546 1216 3615 ipsas
1248 3560 1383 3616 quas
1433 3556 1800 3604 mactaverant
1841 3550 2046 3606 hostias
2068 3594 2082 3617 ,

481 3639 893 3694 immolarentur
924 3658 935 3692 :
969 3640 1218 3708 quamvis
1249 3641 1393 3693 enim
1445 3638 1702 3710 frequens
1754 3658 1920 3712 super
1964 3647 2084 3699 tnti-

476 3743 665 3785 versos
716 3740 897 3785 rueret
939 3729 1171 3786 telorum
1216 3746 1406 3801 seges,
1459 3742 1514 3786 et
1556 3732 1756 3803 ubique
1806 3734 2085 3791 ferverent

483 3823 698 3893 prmlia;
749 3835 925 3878 tatnen
970 3824 1284 3879 sacerdotes
1329 3825 1675 3881 sacrificandi
1720 3827 2079 3884 ministerium

480 3917 801 3972 soletnniter
829 3917 1053 3972 obibant
1085 3932 1098 3970 :
1135 3932 1239 3973 nec
1281 3917 1616 3973 feriabantur
1655 3921 1950 3976 commisso
1979 3923 2082 3979 sibi

481 4023 729 4074 munere,
759 4018 813 4062 et
835 4025 940 4077 quo
967 4007 1022 4062 in
1055 4009 1408 4062 interioribus
1433 4019 1591 4064 erant
1623 4011 1836 4080 templi,
1868 4025 1935 4066 eo
1960 4029 2084 4082 gra-

486 4100 600 4153 vius
623 4097 1030 4169 perimebautur
1061 4115 1073 4150 :
1108 4101 1232 4168 quia
1267 4110 1539 4155 tormento
1569 4103 1674 4158 θειὶ
1709 4106 2084 4161 vehementio-

482 4208 566 4246 res
621 4193 760 4246 ictus
805 4190 1096 4246 habebant.
1138 4190 1390 4262 Plerique
1432 4194 1594 4248 etiam
1636 4195 1728 4265 qui
1774 4195 1842 4252 de
1885 4199 2081 4255 ultimo

481 4282 611 4338 orbe
642 4292 922 4354 precatum
956 4293 1238 4349 venerant,
1269 4295 1554 4354 sperantes
1581 4286 1819 4343 remedia
1849 4289 2042 4347 salutis
2063 4334 2078 4360 ,

480 4390 588 4445 quo
607 4375 774 4445 magis
799 4377 1002 4446 templo
1029 4375 1394 4443 inhaeserant,
1418 4395 1485 4434 eo
1503 4379 1799 4450 majoribus
1823 4383 2084 4452 periculis

479 4466 912 4522 involvebantur.
957 4468 1227 4525 Cerneres
1263 4479 1522 4527 externos
1551 4487 1671 4528 cum
1715 4474 1923 4529 civibus
1947 4520 1961 4542 ,
1990 4493 2047 4532 sa
2068 4510 2080 4520 -

476 4559 725 4616 cerdotes
747 4562 906 4616 simul
931 4570 986 4617 et
1017 4562 1268 4632 profanos
1285 4563 1473 4633 jacere
1493 4607 1506 4630 ,
1534 4581 1729 4637 graves
1757 4584 1880 4625 cum
1911 4572 2083 4641 turpi-

479 4653 608 4718 bus,
643 4653 954 4709 luxurlosos
982 4669 1103 4708 cum
1127 4657 1559 4724 abstinentibus,
1601 4662 1940 4734 confusoque
1963 4680 2078 4720 om-

481 4747 628 4801 nium
663 4746 970 4816 promiscue
993 4748 1258 4818 sanguine
1281 4792 1295 4817 ,
1320 4763 1370 4806 et
1402 4754 1556 4822 quasi
1589 4756 1860 4825 profluvio
1884 4758 2081 4814 decur-

2192 3551 2308 3617 pice
2334 3550 2589 3618 populum
2623 3549 2771 3602 illum
2800 3548 2921 3614 Dei,
2951 3547 3036 3601 cui
3066 3547 3302 3617 pervium
3333 3545 3603 3616 gradienti
3631 3561 3778 3600 mare

2189 3641 2434 3714 patebat,
2467 3642 2552 3696 cui
2591 3640 2856 3696 esurienti
2887 3656 3040 3695 escas
3069 3641 3266 3695 etelum
3298 3637 3776 3702 subministrabat,

2187 3736 2305 3789 sine
2346 3735 2480 3788 mari
2527 3733 2808 3799 clausum,
2857 3733 2974 3787 sine
3016 3732 3296 3786 Pharaone
3322 3731 3778 3797 obsessmn,s':ne

2187 3839 2452 3884 terrarum
2468 3828 2752 3882 sterilitate
2770 3827 3037 3896 jejunum.
3066 3826 3325 3895 Exsurge,
3348 3824 3557 3890 Aaron,
3577 3829 3668 3893 qui
3686 3823 3780 3877 ali—

2185 3919 2440 3990 quando,
2483 3934 2603 3974 cum
2664 3928 2885 3989 pr0pter
2935 3916 3198 3973 oﬂensam
3251 3916 3346 3971 Dei
3391 3917 3776 3986 oumipotentis

2187 4026 2332 4065 mors
2379 4009 2636 4078 plurimos
2684 4009 2865 4078 populi
2910 4009 3335 4079 depasceretur,
3387 4009 3586 4066 stetisti
3634 4009 3774 4063 inter

2185 4101 2426 4156 viventes
2452 4116 2515 4155 ac
2556 4109 2831 4163 mortuos,
2879 4109 2935 4154 et
2973 4115 3118 4153 mors
3146 4101 3328 4167 stetit,
3362 4109 3524 4170 atque
3561 4100 3771 4170 objecta

2184 4193 2428 4263 corporis
2453 4194 2523 4248 tui
2547 4192 2705 4247 haesit
2733 4192 2879 4255 lues,
2914 4207 3013 4246 nec
3037 4194 3271 4248 transire
3301 4192 3566 4263 potuitad
3591 4202 3773 4248 conta-

2181 4285 2398 4356 gionem
2421 4285 2738 4338 viventium.
2790 4282 3063 4339 Suscitare
3099 4293 3155 4337 et
3199 4293 3276 4349 tu,
3305 4282 3430 4338 Jesu
3474 4283 3654 4349 Nave,
3685 4283 3769 4353 qui

2185 4393 2367 4432 muros
2389 4375 2833 4448 inexpugnabiles
2855 4375 3109 4431 Hiericho
3133 4376 3509 4432 sacerdotibus
3533 4377 3658 4432 tuba
3687 4393 3771 4432 ca-

2183 4471 2434 4527 nentibus
2463 4449 2858 4539 complanasti;
2903 4479 2959 4525 et
2988 4469 3109 4524 vide
3149 4470 3405 4539 populum
3435 4471 3520 4524 cui
3550 4481 3765 4524 exteros

2181 4563 2456 4634 subjecisti
2486 4604 2501 4629 ,
2537 4577 2678 4618 nunc
2704 4561 2952 4616 eumdem
2975 4562 3276 4632 subjectum
3300 4563 3554 4632 opprimi.
3588 4562 3768 4619 Susci-

2182 4665 2296 4710 tare
2326 4653 2526 4720 David,
2551 4661 2964 4723 exasperantem
2987 4653 3235 4722 spiritum
3258 4653 3479 4709 cithar:e
3506 4656 3766 4709 suavitate

2182 4746 2373 4800 solitus
2394 4745 2715 4810 excludere;
2738 4753 2793 4800 et
2816 4744 2959 4811 vide,
2983 4744 3435 4814 quemadmodum
3458 4745 3762 4801 dominetur

479 4851 664 4906 rente,
700 4837 989 4895 inleriores
1015 4840 1161 4910 ipsos
1193 4853 1447 4913 stagnare
1475 4859 1728 4902 secessus
1756 4852 1940 4919 templi
1977 4871 1990 4904 ε
2026 4852 2076 4908 in
2106 4834 2161 4894 D
2187 4839 2358 4901 furor,
2385 4845 2545 4906 atque
2574 4851 2790 4890 omnem
2828 4836 3144 4890 suavitatem
3189 4835 3520 4907 psalmorum
3556 4847 3761 4891 tuorum

475 4931 702 4985 circuitu
727 4932 907 4984 omnia
949 4945 1146 4987 cruore
1175 4941 1479 4991 tumescere
1501 4977 1515 5002 ,
1547 4947 1604 4992 ut
1635 4939 1912 5010 plerique,
1949 4941 2077 4998 dum

475 5022 704 5076 invicem
722 5030 1155 5093 propugnatores
1171 5025 1402 5094 partium
1419 5029 2074 5100 petunt,lubricooffensi,

473 5112 498 5150 ιδ
526 5115 764 5183 quassati
798 5113 1009 5183 furore,
1045 5117 1096 5170 in
1129 5118 1394 5187 sanguine
1431 5113 1882 5192 demergeretttttr
1916 5143 1929 5179 :
1975 5142 2075 5184 nec

460 5206 539 5259 sic
563 5215 742 5259 tamen
774 5205 1030 5273 periculis
1055 5207 1227 5262 territi
1256 5210 1651 5267 abstinebanta
1678 5215 1866 5283 praelia
1888 5224 2072 5288 tyran-

451 5311 658 5352 norum
684 5298 986 5354 satellites:
1009 5305 1062 5354 et
1085 5316 1192 5370 quo
1215 5302 1390 5372 majus
1412 5303 1736 5374 periculum,
1756 5323 1822 5364 eo
1836 5311 2068 5380 amplius

461 5391 798 5446 deueviebat
829 5399 1124 5460 tempestas
1149 5394 1370 5450 furoris.
1393 5399 1448 5452 Si
1475 5399 1540 5453 iis
1562 5403 1776 5469 gravius
1813 5402 2072 5460 incubue-

463 5495 543 5536 rat
590 5484 815 5538 oxitium
844 5527 857 5550 ,
905 5485 995 5537 alii
1051 5488 1202 5553 quasi
1257 5486 1324 5540 ad
1372 5489 1654 5545 victoriam
1690 5492 2068 5551 vehementius

465 5574 852 5638 imitabantur,
887 5586 944 5627 ut
967 5575 1210 5630 turbatos
1239 5578 1532 5634 deferrent.
1564 5581 1628 5637 Et
1663 5581 1924 5640 Eleazaro
1950 5587 2068 5656 qui-

469 5657 588 5712 dem
637 5662 718 5715 vel
771 5663 978 5716 Simoni
1033 5663 1260 5717 cedendi
1313 5676 1555 5734 potestas
1609 5681 1762 5739 erat,
1816 5674 1875 5726 ut
1916 5676 2069 5744 quasi

602 5749 662 5806 In
691 5766 809 5822 quo.
856 5751 1022 5814 ΒΑΜ.

2180 4947 2244 4986 ex
2276 4929 2609 5000 perditorum
2651 4928 2902 4984 sensibus
2931 4929 3260 4993 obsolucrit,
3303 4939 3358 4983 et
3401 4929 3763 4999 unusquisque

2181 5021 2248 5076 de
2266 5021 2595 5092 principibus
2617 5020 2876 5091 populum
2897 5020 3205 5074 universum
3219 5020 3284 5074 ad
3302 5027 3531 5075 mortem
3557 5021 3757 5086 offerat,

2180 5127 2234 5167 ιιι
2261 5113 2564 5168 libertatem
2613 5117 2975 5180 extorqueat,
3028 5127 3126 5180 pro
3164 5127 3274 5181 quo
3317 5120 3368 5166 te
3399 5112 3573 5181 ipsum
3607 5112 3758 5168 morti

2177 5203 2464 5259 olferebas.
2492 5203 2788 5268 Suscitare,
2813 5201 3038 5267 Eliszee,
3065 5203 3154 5271 qui
3187 5201 3394 5256 hostem
3420 5201 3758 5256 lntroduxisti

2176 5295 2227 5348 in
2275 5293 2595 5358 Samariam,
2628 5301 2683 5346 et
2726 5291 2958 5346 anticum
3013 5292 3184 5347 fecisti
3225 5309 3238 5345 :
3272 5307 3366 5362 per
3409 5294 3541 5347 tein
3573 5294 3756 5349 castris

2172 5389 2344 5458 Syria:
2376 5386 2756 5456 quadrigarum
2791 5385 3055 5455 increpuit
3083 5385 3266 5455 fragor
3296 5395 3350 5442 et
3379 5401 3479 5441 vox
3525 5387 3751 5458 equitum

2170 5490 2338 5535 etvox
2361 5477 2574 5533 virtutis
2601 5475 2958 5547 :fugithostis,
2980 5478 3153 5531 evasit
3169 5478 3504 5533 obsidionem
3521 5478 3748 5535 Judaeus.

2176 5571 2274 5629 Ubi
2295 5586 2437 5626 nunc
2458 5570 2560 5624 ista
2583 5569 2798 5636 merita,
2824 5568 2911 5623 ubi
2938 5583 3081 5623 nunc
3101 5569 3220 5624 ista:
3240 5569 3591 5641 operati'ones
3612 5581 3753 5627 sanc-

2183 5675 2236 5719 to
2250 5662 2405 5719 rum?
2424 5662 2534 5718 Nec
2557 5662 2772 5729 mirum,
2795 5663 3149 5719 siamiserunt
3169 5665 3555 5744 praphetarum
3576 5658 3748 5745 opera,

2243 5765 2268 5804 ιο
2303 5761 2462 5836 Quasi
2491 5760 2681 5817 satiati.
2716 5758 2789 5819 lu.
