3948 6332
286 325 444 384 Ql53

1159 333 1432 392 HISTOR.
1475 336 1562 392 DE
1602 334 1883 399 EXCIDIO
1916 338 2199 399 1118806.
2243 341 2448 401 URBIS
2480 344 2612 400 LIB.
2654 345 2721 401 γ.

3459 354 3522 411 Μ
3533 356 3603 413 56

286 448 400 540 qui
422 458 750 540 negaverunt
783 450 1174 521 prophetarum
1221 452 1490 508 arbitrum
1517 452 1796 526 :‘ideoque
1840 454 1895 511 in
1919 460 1975 526 Α
2002 458 2240 515 dandum
2256 459 2755 519 aestimavisti‘lUbi
2772 464 2960 520 estilla
2980 465 3603 540 Maehabporumjfides,

291 547 352 592 te
370 535 564 595 Judma
590 554 743 596 arma
770 551 1057 601 vertuntur
1081 551 1169 598 tua
1188 583 1206 610 ,
1257 553 1315 603 et
1338 545 1616 601 orationes
1632 554 1741 607 tute,
1762 546 1898 604 nihil

291 628 397 684 tibi
428 639 678 699 prosunt,
706 632 831 702 quia
860 633 994 690 tides
1024 644 1110 693 tua
1142 634 1276 690 nihil
1303 646 1567 707 operatur
1597 654 1612 691 :
1645 637 1769 692 ideo
1803 638 1899 693 ad-

286 736 515 779 versum
541 733 592 778 te
611 721 788 780 factus
809 736 892 781 est
915 726 1144 797 populus
1167 740 1311 795 tuus,
1335 729 1459 797 quia
1484 731 1536 783 in
1562 737 1615 784 te
1635 743 1899 787 conversa

287 826 381 871 est
415 815 642 885 perlidia
676 828 786 872 tua.
813 818 970 886 Quod
1003 819 1301 875 remedium
1329 822 1613 892 quaeritur,
1645 821 1735 877 ubi
1766 836 1897 880 auc-

290 912 382 960 tor
399 906 623 961 remedii
646 923 754 962 non
769 909 1196 965 reconciliatur?
1216 910 1355 977 Quid
1381 911 1610 980 putabas
1634 911 1895 985 futurum,

286 1012 418 1053 cum
470 998 577 1054 tuis
615 1000 866 1057 manibus
918 1002 1255 1058 Salvatorem
1304 1014 1453 1058 tuum
1510 1004 1895 1075 crucifigeres;

285 1107 417 1146 cum
452 1092 557 1147 tuis
614 1093 868 1150 manibus
920 1096 1088 1150 vitam
1130 1104 1276 1152 tuam
1324 1098 1743 1167 exstingueres;
1772 1113 1897 1155 cum

288 1184 403 1239 tuis
448 1184 669 1239 vocibus
719 1188 1044 1242 advocatum
1098 1197 1248 1243 tuum
1295 1189 1740 1256 exterminares;
1791 1189 1899 1246 tuis

289 1276 735 1333 iutestationibus
776 1278 1160 1335 auxiliatorem
1190 1289 1336 1335 tuum
1369 1279 1754 1336 iuterficeres?
1782 1279 1899 1336 Nisi

290 1378 355 1424 ut
401 1368 458 1425 in
503 1383 553 1425 te
582 1386 800 1444 quoque
844 1381 965 1428 tuas
1010 1371 1268 1443 injiceres
1302 1387 1516 1429 manus.
1551 1372 1731 1428 Habes
1752 1373 1898 1444 quod

288 1463 479 1535 petisti
511 1483 525 1519 :
557 1464 807 1535 eripuisti
838 1465 935 1520 tibi
968 1464 1256 1534 pratsulem
1287 1465 1468 1536 pacis,
1508 1464 1687 1535 petisti
1715 1466 1895 1520 necari

287 1556 421 1611 vitae
451 1555 743 1625 arbitrum,
774 1557 1005 1612 concedi
1035 1558 1131 1612 tibi
1174 1557 1510 1623 Barabbam,
1557 1558 1647 1630 qui
1688 1567 1899 1627 prapter

283 1648 594 1704 seditionem
635 1652 826 1720 factam
871 1649 927 1703 in
971 1649 1174 1702 civitate
1211 1658 1257 1703 et
1293 1648 1669 1712 homicidium,
1713 1648 1898 1703 missus

282 1741 465 1809 fuerat
493 1740 545 1795 in
577 1754 833 1795 carcerem
876 1737 1056 1813 (Luc.
1089 1755 1246 1805 xxttt,
1281 1741 1367 1808 l9,
1406 1740 1477 1794 25
1504 1739 1546 1811 ).
1591 1739 1720 1795 Ideo
1748 1742 1896 1798 salus

2001 567 2124 623 quae
2169 553 2443 624 quondam
2496 554 2552 611 in
2601 558 2785 625 paucis
2829 557 2971 614 fudit
2999 560 3368 632 Babylonios,
3407 564 3604 622 Persas

1999 642 2235 717 fugavit,
2270 646 2599 703 Demetrium
2631 652 2868 719 perculit
2896 669 2910 705 ε
2939 652 3006 707 ad
3040 664 3374 725 postremum
3406 657 3458 712 iu
3482 673 3605 728 par-

2000 740 2140 794 vulis
2178 749 2233 794 et
2281 741 2602 797 mulieribus
2637 741 2891 800 Antiochi
2932 760 3119 812 arma,
3169 748 3382 818 gladios
3414 750 3608 806 incen-

2004 829 2203 901 diaque
2238 834 2538 902 superavit,
2583 846 2639 890 et
2671 851 2768 903 pro
2790 836 3177 894 observatione
3207 842 3437 909 cptriae
3474 843 3611 913 legis

2001 924 2138 977 mori
2163 922 2386 992 maluit,
2417 939 2580 995 quam
2608 926 2753 997 regis
2784 926 3027 998 imperiis
3054 928 3472 1001 obtemperare?
3504 932 3605 990 Ubi

2001 1024 2083 1068 est
2122 1014 2213 1069 illa
2244 1015 2463 1072 devotio
2492 1026 2704 1085 patrum
2735 1020 3099 1089 pulcherrima
3134 1025 3447 1093 passionum
3477 1042 3602 1082 om-

2001 1105 2187 1175 nium,
2228 1123 2335 1177 qua
2375 1124 2435 1164 se
2483 1125 2591 1164 non
2620 1126 2719 1180 pro
2766 1112 2984 1180 liberis,
3012 1130 3120 1170 non
3154 1133 3251 1187 pro
3280 1118 3604 1190 cunjugibus

2001 1198 2205 1268 magis,
2224 1212 2391 1268 quam
2419 1216 2518 1270 pro
2546 1202 2751 1271 templo
2778 1202 2874 1259 Dei
2904 1207 3068 1261 morti
3094 1207 3439 1265 offerebant?
3465 1213 3609 1267 Ante

2000 1298 2055 1344 et
2081 1290 2231 1358 virga
2261 1286 2289 1325 ἀ
2326 1294 2511 1346 Aaron
2542 1292 2903 1349 sacerdotalis
2940 1295 3125 1353 ﬂoruit
3147 1339 3164 1366 ,
3210 1300 3383 1357 recisa
3412 1302 3481 1357 de
3510 1290 3604 1358 Sil-

2001 1379 2172 1436 vestri
2185 1381 2372 1437 radice
2397 1400 2409 1435 :
2438 1399 2583 1440 nunc
2601 1394 2656 1442 et
2677 1384 2813 1443 fides
2831 1396 2973 1454 aret,
2993 1399 3050 1447 et
3068 1391 3286 1460 sepulta
3299 1400 3387 1451 est
3410 1394 3604 1464 pietas,

2001 1483 2058 1528 et
2085 1472 2219 1528 abiit
2245 1474 2423 1529 omnis
2455 1476 2674 1532 virtutis
2700 1479 2998 1535 aemulatio.
3029 1480 3140 1539 Nec
3164 1483 3397 1553 mirum,
3429 1486 3473 1541 si
3506 1501 3604 1556 po-

2001 1565 2161 1634 pulus
2197 1580 2228 1620 a
2267 1565 2381 1622 Deo
2428 1569 2681 1636 recessit,
2722 1580 2778 1625 et
2812 1571 3118 1642 improbum
3156 1577 3605 1636 contradictionis

1999 1654 2250 1726 spiritum
2280 1660 2547 1729 sequitur,
2577 1660 2631 1715 in
2660 1663 2898 1733 seipsum
2928 1665 3137 1722 divisus
3186 1678 3290 1729 est.
3322 1670 3609 1738 Quomodo

1999 1748 2144 1803 enim
2171 1765 2357 1820 pacem
2387 1767 2539 1807 suam
2573 1762 2763 1811 tenere
2785 1767 3029 1827 poterat,
3059 1760 3152 1830 qui
3180 1775 3367 1831 pacem
3392 1762 3488 1820 Dei
3518 1780 3609 1822 ιδεο

281 1834 388 1887 abs
417 1844 469 1888 te
500 1831 764 1897 recessit,
796 1847 905 1902 pax
949 1831 1124 1898 abiit,
1152 1833 1308 1904 quies
1347 1832 1594 1898 destitit,
1644 1833 1775 1905 data
1812 1843 1898 1890 est
1925 1857 1974 1917 Β
2002 1842 2282 1912 pudiavit?
2329 1843 2449 1900 Pax
2505 1846 2607 1902 Dei
2654 1849 2888 1906 Christus
2931 1861 3035 1917 est,
3084 1856 3171 1923 qui
3212 1856 3334 1924 fecit
3386 1867 3608 1929 utraque

284 1926 386 1981 tibi
436 1926 675 1994 seditio,
724 1926 908 1982 datum
960 1926 1233 1983 excidium
1288 1943 1571 1998 :agnosce
1600 1928 1696 1983 tibi
1728 1928 1894 1986 hodie

281 2017 593 2075 Barabbam
620 2010 800 2075 vivere
817 2060 833 2086 ,
860 2018 1048 2076 Jesutn
1075 2029 1370 2076 mortuum.
1396 2018 1523 2076 Ideo
1545 2020 1597 2075 in
1622 2029 1678 2077 te
1702 2032 1894 2094 regnat

280 2111 506 2178 seditio,
538 2128 641 2183 pax
673 2114 883 2184 sepulta
910 2121 1026 2180 est,
1059 2124 1120 2169 ut
1144 2113 1418 2169 crudelius
1460 2130 1491 2170 a
1522 2115 1629 2170 tuis
1658 2129 1849 2186 pereas
1874 2156 1899 2187 ,Α

282 2222 452 2277 quant
480 2209 608 2263 siab
636 2207 832 2264 alienis
853 2210 1082 2279 perires.
1108 2209 1251 2277 Quid
1284 2220 1495 2266 tantum
1526 2210 1642 2276 tibi,
1661 2211 1889 2268 misera-

284 2298 416 2354 bilis
443 2301 675 2367 civitas,
707 2298 987 2356 Romanus
1015 2299 1130 2355 suis
1156 2300 1345 2367 armis,
1373 2311 1634 2372 quantum
1662 2304 1893 2372 populus

288 2401 420 2448 tuus
444 2392 705 2448 malorum
731 2392 982 2448 invexit?
1007 2392 1073 2449 Ut
1093 2407 1214 2447 cum
1238 2392 1501 2448 Romanis
1525 2396 1890 2463 impugnares,

284 2483 367 2539 tui
397 2482 641 2540 fecerunt
666 2502 679 2537 :
708 2498 895 2554 pacem
928 2485 1185 2541 volebant
1210 2484 1473 2551 Romani,
1505 2495 1561 2540 tu
1584 2486 1784 2559 bellum
1813 2488 1895 2542 in-

280 2577 490 2632 dixisti.
540 2576 680 2645 Quid
710 2591 890 2633 causze
942 2586 1094 2644 erat,
1141 2585 1200 2632 ut
1238 2575 1497 2635 fortiores
1544 2578 1894 2634 lacesseres?

283 2672 494 2727 Durum
544 2685 713 2736 sane,
744 2669 888 2742 quod
918 2680 1107 2726 contra
1154 2669 1328 2740 legem
1373 2684 1583 2725 sacram
1634 2671 1894 2741 templum

252 2766 507 2838 .gentilis
529 2766 751 2820 intravit
778 2782 791 2818 :
820 2764 914 2820 sed
931 2764 1044 2835 jam
1070 2778 1178 2818 non
1206 2779 1331 2819 eras
1355 2763 1448 2819 Dei
1479 2764 1759 2834 templum,
1785 2778 1893 2825 non

284 2874 412 2914 eras
441 2858 536 2915 Dei
557 2860 769 2929 civitas,
803 2875 904 2916 nec
931 2876 1053 2916 esse
1082 2870 1321 2931 poteras,
1351 2861 1477 2930 quia
1505 2874 1627 2915 eras
1655 2867 1897 2916 mortuo-

283 2967 409 3006 rum
442 2954 749 3022 sepulcrum
777 2993 791 3019 ,
822 2961 879 3008 et
909 2953 1212 3023 praesertim
1246 2963 1459 3006 tuorum
1490 2966 1626 3022 quos
1658 2951 1774 3021 ip~a
1803 2966 1895 3006 oc-

283 3043 530 3110 cideras,
559 3059 664 3099 non
693 3059 830 3115 quos
856 3042 926 3098 ab
955 3045 1110 3098 hoste
1129 3044 1416 3100 aruiseras.
1441 3041 1726 3110 Quomodo
1748 3044 1893 3098 enim

286 3137 414 3190 vitae
443 3148 565 3191 esse
592 3135 927 3191 domicilium
968 3145 1187 3206 poteras
1216 3176 1231 3202 ,
1271 3150 1394 3206 qua:
1424 3149 1549 3188 eras
1580 3135 1771 3187 mortis
1804 3133 1897 3187 lia-

1997 1954 2154 1992 unum
2177 1937 2396 2010 (Ep/tes.
2423 1957 2480 2008 tt,
2506 1942 2622 2011 l4).
2648 1943 2842 2000 Merito
2862 1960 2991 2016 ergo
3026 1960 3094 2002 ex
3123 1963 3233 2003 uno
3264 1951 3465 2019 popqu
3487 1951 3607 2022 plu-

1980 2044 2085 2109 res
2116 2030 2381 2087 adversus
2406 2048 2469 2090 se
2492 2033 2621 2090 faeti
2650 2045 2780 2093 sunt
2808 2080 2823 2106 ,
2855 2040 2983 2108 quia
3021 2040 3315 2097 noluerunt
3342 2044 3498 2113 sequi
3520 2045 3608 2101 di-

1995 2123 2097 2178 visi
2127 2125 2533 2183 consociantem
2563 2128 2750 2186 Iesum
2773 2171 2789 2199 ,
2817 2132 2915 2187 sed
2950 2135 3123 2195 muti
3170 2147 3299 2191 sunt
3326 2138 3606 2210 conjunCti

1995 2214 2327 2274 dividentem
2348 2219 2549 2275 furoris
2575 2222 2847 2292 spiritum.
2872 2222 3144 2284 Solvebas
3169 2228 3338 2299 igitur
3352 2230 3608 2289 Hierusa-

1997 2309 2102 2365 lem
2125 2311 2431 2367 mercedem
2463 2314 2705 2384 perﬁdize
2748 2324 2855 2372 tua:
2878 2358 2894 2385 ,
2925 2334 3047 2374 cum
3078 2318 3196 2389 ipsa
3223 2323 3332 2378 tuis
3356 2326 3606 2382 manibus

1996 2400 2312 2457 destrueres
2341 2406 2641 2460 munimina
2676 2415 2798 2476 tua,
2830 2423 2957 2464 cum
2990 2411 3098 2466 tuis
3142 2414 3494 2472 mucronibus
3522 2416 3607 2472 fo-

1994 2492 2155 2550 deres
2187 2497 2395 2552 viscera
2446 2507 2534 2559 tua
2590 2516 2604 2551 :
2653 2500 2725 2554 ita
2753 2509 2811 2555 ut
2836 2501 3011 2557 hostis
3042 2504 3430 2573 misereretur,
3459 2516 3516 2563 et
3543 2517 3600 2563 tu

1995 2587 2275 2644 occideres
2312 2608 2327 2644 :
2359 2599 2415 2645 ut
2454 2591 2546 2646 ille
2588 2603 2871 2661 parceret,
2907 2605 2963 2649 et
2999 2606 3057 2651 tu
3094 2599 3335 2656 saevires.
3367 2598 3607 2657 Videbas

1996 2679 2141 2734 enim
2161 2719 2175 2745 ,
2200 2682 2343 2749 quod
2374 2679 2519 2736 Deus
2539 2681 2825 2739 adversum
2854 2692 2907 2740 te
2928 2695 3223 2757 pugnaret,
3250 2699 3306 2744 et
3326 2688 3601 2747 Romano-

1994 2782 2117 2823 rum
2150 2769 2392 2839 partibus
2414 2768 2756 2841 fungeretur,
2788 2782 2848 2827 ut
2873 2774 2989 2845 ipsa
3022 2775 3121 2831 tibi
3147 2776 3377 2835 inferres
3409 2781 3603 2836 volun-

1996 2860 2131 2916 taria
2140 2877 2188 2916 tu
2208 2861 2592 2931 proditionem.
2614 2863 2679 2918 Et
2697 2864 2819 2921 ideo
2832 2876 3168 2938 spectatores
3181 2871 3457 2928 malebant
3471 2887 3594 2933 esse

1995 2954 2247 3024 Romani,
2276 2970 2437 3026 quam
2468 2971 2843 3026 percussores,
2872 2976 2941 3017 ne
2965 2961 2986 2983 ⁸
3012 2961 3347 3020 ferventibus
3378 2966 3485 3022 tuis
3513 2966 3598 3023 itt-

1996 3054 2083 3102 ter
2131 3062 2191 3102 se
2247 3046 2582 3115 visceribus,
2638 3066 2858 3106 manum
2916 3052 3211 3110 admovere
3260 3057 3602 3128 contagionis

1998 3142 2169 3211 magis
2200 3156 2359 3210 quam
2409 3141 2743 3199 fortitudinis
2782 3146 3206 3204 aestimarentur.
3249 3149 3334 3205 Ad
3366 3149 3482 3206 htec
3508 3166 3606 3208 tte-

284 3227 619 3293 bitaculum,
668 3227 1029 3282 diversorium
1075 3226 1345 3282 scelerum
1382 3267 1399 3293 ,
1446 3228 1721 3279 latronum
1766 3239 1892 3295 spe-
1920 3234 1964 3295 ο
1998 3232 2175 3287 fandae
2216 3234 2387 3293 caedis
2422 3235 2687 3304 supplicia
2728 3235 3022 3292 accedebat
3067 3239 3245 3310 impia:
3288 3239 3602 3298 immanitas

286 3319 484 3373 ιωυωῖ
516 3316 811 3375 Iacuerunt
842 3320 897 3374 in
933 3328 982 3373 te
1009 3322 1233 3373 Ananus
1264 3332 1315 3373 et
1336 3316 1494 3374 Jesus
1524 3316 1782 3388 insepulti
1806 3332 1896 3372 sa-

283 3411 571 3468 cerdotum
619 3414 894 3484 principes
930 3430 943 3465 :
985 3421 1039 3468 et
1092 3412 1169 3466 illi
1222 3411 1423 3466 dudum
1470 3410 1899 3466 sacerdotalibus

283 3502 474 3559 amicti
503 3505 662 3559 stolis
682 3545 697 3571 ,
728 3503 821 3575 qui
851 3503 1189 3559 venerationi
1212 3501 1378 3558 etiam
1409 3503 1614 3558 exteris
1643 3501 1856 3557 fuerant
1880 3544 1895 3569 ,

285 3594 520 3651 deformi
543 3595 835 3667 jacuerunt
860 3595 1125 3651 cadavere
1145 3636 1159 3662 ,
1191 3610 1331 3650 esca:
1363 3594 1663 3650 volatilium
1690 3636 1705 3662 ,
1732 3595 1899 3650 devo-

285 3689 430 3744 ratio
463 3703 657 3744 canum
684 3731 699 3757 ,
751 3690 992 3744 membra
1039 3687 1203 3744 laceri
1250 3699 1359 3743 tota
1388 3696 1414 3724 ⁸
1437 3687 1682 3758 dispersa
1720 3687 1856 3741 urbe
1880 3728 1896 3755 ,

286 3794 352 3841 ut
395 3785 684 3856 deplorare
739 3788 941 3841 veteris
988 3786 1293 3841 sanctitatis
1337 3784 1554 3856 species
1594 3782 1895 3852 videretur,

290 3890 497 3935 tantam
526 3880 668 3936 sacri
692 3879 929 3936 nominis
950 3880 1359 3942 contumeliam,
1389 3889 1444 3935 et
1466 3878 1701 3950 speciosi
1726 3895 1900 3950 quon-

288 3970 417 4026 dam
448 3972 688 4027 muneris
716 3969 1114 4027 deformitatem
1151 3990 1162 4026 :
1196 3971 1291 4027 sed
1325 3974 1441 4045 ipsa
1484 3966 1578 4026 tibi
1610 3970 1773 4041 hujus
1818 3971 1900 4026 in-

290 4064 576 4137 dignitatis
622 4063 906 4121 exordium
942 4065 1143 4130 fecisti,
1174 4080 1297 4135 quae
1341 4067 1393 4120 in
1441 4063 1624 4119 medio
1653 4064 1775 4118 sinu
1806 4072 1898 4120 tuo

288 4158 583 4214 occidebas
612 4160 934 4230 prophetas,
963 4175 1083 4228 qua:
1113 4158 1390 4229 lapidabas
1418 4169 1637 4213 sanctos
1660 4157 1893 4213 Domini.

288 4251 440 4307 Ante
467 4250 726 4319 templum
752 4250 920 4317 jacuit
953 4248 1246 4307 Zacharias
1274 4249 1573 4317 exanimis;
1602 4250 1773 4321 jacuit
1812 4252 1895 4305 in-

290 4342 549 4397 humatus
579 4360 593 4394 :
630 4341 719 4397 hic
753 4356 885 4413 ergo
920 4344 1140 4413 sanguis
1182 4344 1330 4398 illum
1369 4342 1534 4400 lavat.
1570 4344 1702 4412 Quae
1733 4359 1895 4400 causa

289 4445 479 4490 autent
511 4436 703 4489 mortis
738 4436 964 4502 Anano,
999 4435 1099 4490 nisi
1131 4435 1274 4507 quod
1312 4436 1611 4507 increpavit
1638 4437 1896 4507 populum

290 4540 446 4584 tuum
468 4570 483 4595 ,
514 4528 657 4600 quod
693 4543 798 4582 non
837 4529 1143 4599 insurgeret
1182 4544 1282 4600 pro
1312 4529 1501 4598 templi
1538 4528 1855 4585 defensione
1879 4571 1894 4597 ,

288 4622 421 4693 quia
446 4621 828 4691 expostulabat
853 4620 1163 4676 libertatem
1192 4620 1491 4690 proditam,
1519 4621 1776 4676 virtutem
1804 4621 1899 4678 de-
1927 4609 1975 4668 Ῑ)
2004 4635 2127 4679 rent

288 4725 532 4781 sertam,
564 4716 799 4771 calcatas
833 4724 1078 4769 veterum
1122 4730 1402 4769 sacrorum
1433 4714 1687 4785 reliquias
1707 4755 1721 4780 ,
1745 4729 1895 4770 com-

290 4810 562 4865 maculata
601 4809 792 4863 altaria
830 4827 842 4862 :
875 4807 1294 4880 relinquendum
1326 4806 1609 4862 asserebat
1635 4807 1896 4879 populum

290 4919 396 4959 usu
448 4903 864 4958 simulacrorum
915 4901 1312 4957 insensibilium
1364 4908 1421 4955 et
1476 4909 1775 4957 statuarum
1832 4900 1899 4956 de

290 5012 568 5054 marmore
588 5037 603 5061 ,
623 4996 755 5052 nihil
777 4998 885 5067 jam
909 4995 1255 5050 sentientem.
1288 4992 1315 5031 ι’
1339 4992 1502 5048 Multa
1526 4991 1671 5048 enim
1694 4993 1901 5049 anima-

292 5091 366 5146 lia
382 5090 592 5146 referre
613 5090 794 5144 solent
817 5088 903 5143 vel
929 5087 1181 5143 vindicta:
1204 5086 1661 5151 vicissitudinem,
1690 5084 1897 5140 sentire

291 5184 587 5255 injuriatn,
637 5183 851 5239 incitari
902 5184 1125 5248 aculeo,
1174 5181 1450 5238 declinare
1496 5181 1720 5236 verbera
1764 5179 1898 5248 :qui

291 5291 426 5347 ergo
453 5291 553 5330 nec
581 5276 872 5339 excitatur,
908 5291 1007 5330 nec
1028 5275 1301 5330 declinare
1332 5272 1478 5328 novit
1510 5274 1654 5343 quod
1683 5281 1896 5340 noceat,

294 5368 494 5424 similis
516 5377 727 5423 estnon
759 5367 1139 5422 sentientibus.
1173 5367 1239 5422 Et
1273 5382 1330 5422 re
1358 5382 1482 5421 vera
1508 5366 1595 5420 ubi
1625 5372 1709 5419 est
1736 5365 1901 5418 liber-

300 5471 385 5517 tas
430 5460 520 5515 illa
578 5470 664 5515 tua
691 5501 706 5525 ,
756 5458 912 5531 cujus
943 5459 1122 5513 studio
1148 5457 1418 5528 quondam
1461 5472 1566 5513 non
1598 5454 1902 5527 Egyptiis,

305 5568 417 5610 non
456 5550 789 5618 Palaestinis,
818 5566 924 5605 non
957 5549 1194 5621 Assyriis
1215 5592 1230 5617 ,
1256 5559 1439 5621 postea
1481 5565 1586 5605 non
1617 5544 1786 5604 Medis
1811 5563 1901 5602 ce-

385 5678 412 5708 α
443 5666 698 5736 Dispersi.
722 5665 895 5722 BABB.

377 5738 409 5778 ιι
440 5737 610 5792 Muta.
645 5736 721 5792 In.

403 5822 423 5855 ο
466 5808 723 5884 Suppleta
780 5807 897 5868 beic
933 5822 1032 5864 vox
1081 5808 1231 5887 legis,
1279 5822 1400 5880 qua:
1451 5802 1602 5863 deest
1641 5804 1695 5861 in
1729 5799 1907 5858 editis.

2000 3326 2365 3396 crudelitatis,
2400 3336 2460 3381 ut
2488 3326 2824 3396 sepulturam
2853 3329 3106 3401 omnibus
3128 3329 3222 3400 qui
3252 3330 3337 3387 vel
3379 3332 3432 3388 in
3465 3342 3603 3388 tem-

2001 3420 2089 3489 plo
2119 3421 2291 3475 necati
2315 3419 2535 3475 fuerant
2554 3419 2637 3475 vel
2667 3418 2813 3475 circa
2841 3422 2991 3478 urbis
3018 3422 3259 3493 plateas,
3290 3433 3554 3495 negarent
3583 3444 3597 3478 :

2001 3526 2103 3566 nec
2130 3511 2356 3567 humare
2386 3508 2637 3580 cuiquam
2664 3512 2922 3578 vacabat,
2950 3513 3079 3568 dum
3103 3514 3245 3569 bello
3270 3515 3414 3573 inter
3436 3529 3497 3570 se
3516 3530 3604 3570 oc—

1999 3615 2348 3678 cuparentur,
2380 3605 2720 3679 feriendique
2755 3610 2928 3678 magis
2967 3623 3126 3678 quam
3172 3608 3431 3665 humandi
3467 3626 3602 3667 cura

2000 3702 2285 3756 universos
2343 3701 2586 3757 tenebat.
2638 3701 2716 3756 Ita
2771 3702 3006 3772 quodam
3055 3701 3241 3758 furore
3286 3703 3600 3763 occiderant

2002 3793 2217 3864 pietatis
2251 3793 2429 3849 officia
2454 3835 2469 3862 ,
2507 3793 2902 3850 crudescebant
2934 3794 3229 3864 impietatis
3259 3795 3561 3850 ministeria
3585 3837 3600 3860 ,

2002 3886 2243 3957 nihilque
2271 3887 2441 3957 magis
2464 3887 2516 3941 in
2541 3886 2704 3941 tantis
2723 3887 3125 3942 calamitatibus
3148 3887 3413 3958 perierat,
3437 3903 3597 3958 quam

2000 3978 2376 4034 misericordia
2399 4019 2413 4044 ,
2448 3995 2565 4046 qua}
2584 3980 2697 4034 sola
2727 3979 2865 4034 solet
2888 3978 3125 4034 allevare
3154 3979 3432 4048 miserias,
3456 3979 3600 4034 sola-

2002 4072 2045 4126 ri
2071 4087 2361 4128 :erumnas.
2395 4072 2527 4128 Nam
2550 4081 2605 4128 et
2631 4073 2684 4127 hi
2715 4074 2806 4145 qui
2834 4073 3129 4129 amiserant
3159 4087 3287 4129 suos
3311 4112 3329 4142 ,
3362 4087 3470 4128 non
3502 4086 3599 4126 au-

2001 4162 2203 4219 debant
2260 4163 2487 4221 humare
2535 4176 2756 4237 propter
2811 4166 3186 4233 formidinem,
3241 4181 3366 4222 cum
3420 4165 3600 4236 gravis

2004 4265 2177 4311 terror
2205 4256 2486 4326 ingrueret
2524 4274 2552 4310 a
2583 4256 2815 4313 diversae
2856 4257 3106 4314 factionis
3136 4258 3471 4330 principibus
3499 4275 3512 4312 :
3544 4268 3600 4315 et

2000 4348 2055 4403 hi
2093 4350 2184 4419 qui
2236 4360 2566 4405 necaverant
2608 4350 2855 4418 alienos,
2905 4350 3275 4422 cavebantgne
3311 4351 3435 4422 quis
3474 4349 3598 4407 illos

2000 4440 2321 4510 praeriperet
2336 4440 2403 4494 ad
2434 4443 2788 4511 sepulturam.
2812 4440 2998 4511 Itaque
3017 4456 3243 4505 necesse
3263 4450 3381 4497 erat
3408 4456 3600 4499 omnes

2002 4531 2226 4599 timere,
2262 4548 2329 4587 ne
2354 4533 2498 4604 quod
2529 4534 2684 4590 alteri
2715 4535 2922 4591 donare
2951 4535 3191 4602 vellent,
3219 4535 3273 4590 id
3293 4534 3394 4590 sibi
3416 4550 3599 4595 sume-

2181 4642 2193 4677 :
2240 4626 2324 4679 vel
2348 4625 2489 4696 quod
2545 4627 2698 4697 pejus
2749 4636 2860 4694 est,
2917 4638 3079 4698 quem
3119 4636 3440 4699 paraverant
3477 4627 3601 4685 aliis

2003 4731 2157 4771 usum
2184 4716 2452 4786 sepulcri,
2485 4733 2608 4773 eum
2642 4718 2743 4787 ipsi
2773 4734 2877 4772 non
2907 4718 3281 4788 impetrarent.
3313 4717 3370 4773 ln
3400 4717 3602 4788 templo

2001 4805 2164 4876 igitur
2197 4808 2314 4878 ipso
2342 4822 2444 4877 pro
2490 4810 2777 4878 unguentis
2808 4809 2945 4864 bene
2988 4808 3292 4877 olentibus,
3339 4824 3435 4880 pro
3476 4808 3599 4881 thy-

2004 4900 2278 4971 niiatuatis
2319 4899 2458 4955 bene
2487 4902 2821 4971 spirantibus
2842 4945 2857 4969 ,
2889 4917 2985 4972 pro
3015 4901 3355 4958 diversorum
3401 4902 3598 4959 florum

2002 4990 2262 5047 odoribus
2279 5035 2294 5060 ,
2319 4995 2498 5063 gravis
2511 5004 2622 5049 erat
2648 4990 3043 5065 insepultorum
3079 4995 3405 5053 cadaverum
3433 4996 3596 5064 fetor,

2003 5097 2138 5152 quos
2164 5084 2342 5161 pluvia
2370 5085 2696 5140 dissolverat
2717 5128 2732 5154 ,
2777 5100 2913 5154 quos
2940 5084 3158 5141 ﬂainma
3187 5087 3562 5145 combusserat
3585 5128 3600 5153 ,

2004 5190 2139 5244 quos
2187 5174 2269 5229 sol
2295 5174 2622 5231 calefecerat
2650 5193 2665 5243 ;
2699 5192 2889 5233 omnes
2916 5186 3067 5232 artus
3093 5192 3360 5235 ea'sorutn
3400 5179 3601 5235 civium

2007 5265 2130 5320 diro
2161 5267 2329 5322 odore
2359 5265 2601 5322 fetebaut
2633 5285 2646 5321 :
2678 5267 2804 5323 hinc
2844 5270 3202 5325 resolutorum
3229 5270 3461 5341 putredo
3492 5272 3601 5325 vis-

2008 5377 2226 5428 cerum,
2257 5362 2380 5417 inde
2405 5372 2720 5418 exustorum
2765 5365 2944 5433 nidor,
2975 5380 3170 5420 sensus
3207 5378 3397 5418 omnes
3442 5372 3605 5434 atque

2008 5469 2103 5509 ora
2135 5452 2480 5524 complebant
2506 5455 2837 5521 viventium,
2868 5466 2927 5510 ut
2971 5456 3072 5527 ipsi
3116 5469 3222 5509 non
3269 5453 3442 5508 multo
3486 5460 3607 5522 post

2011 5544 2260 5617 graviore
2291 5547 2485 5602 morbo
2516 5557 2984 5618 consumerentur,
3013 5562 3076 5605 ac
3102 5561 3161 5605 se
3182 5545 3500 5618 superstites
3529 5546 3610 5602 in-

2020 5656 2294 5721 GALLAND.

2101 5728 2125 5764 ἀ
2160 5729 2325 5783 Deest
2346 5724 2462 5785 hare
2488 5744 2591 5784 vox
2622 5730 2673 5784 in
2703 5744 2805 5786 ms.
2840 5730 3009 5786 ΒΑΜ.

2109 5809 2131 5836 ε
2168 5797 2217 5855 F
2220 5799 2499 5854 urentibus.
2532 5800 2605 5856 lo.
