3948 6332
430 294 575 357 9155

1751 286 1998 349 δΔΝϐΤΙ
2034 286 2359 346 AMBROSII

3599 291 3751 348 2156

427 413 820 487 gemiscerent,
881 424 990 482 quo
1035 409 1254 465 duriore
1302 422 1464 480 pinna
1502 406 1746 478 perirem
1791 424 1805 462 :
1850 421 2025 476 eoque
2052 407 2329 470 Abellum
2371 406 2629 465 adolebat
2667 408 2931 466 festinans
2969 409 3220 467 comitari
3266 420 3480 482 patrem
3507 451 3523 478 ,
3568 424 3638 464 ne
3678 410 3736 464 in

433 516 712 573 servatos,
759 512 816 558 ιιι
841 503 1088 559 viderent
1115 516 1238 557 cum
1271 501 1440 571 patria
1461 498 1651 566 simul,
1681 499 1817 555 solvi
1862 501 2026 556 etiam

427 600 579 670 leges
610 607 849 663 naturae,
883 596 1069 667 negari
1097 595 1187 665 jus
1215 594 1524 650 viventibus
1542 637 1557 661 ,
1586 608 1775 665 pacem
1793 592 2026 659 civibus,

426 692 762 762 sepulturam
805 688 1076 746 defunctis
1100 730 1116 756 ,
1157 688 1392 744 humana
1429 688 1631 758 pariter
1657 696 1821 758 atque
1849 686 2027 742 divina

426 783 688 838 maculari
737 796 800 836 ac
843 781 1042 851 pollui,
1093 781 1361 851 permixta
1411 781 1627 847 omnia,
1679 781 2028 836 criminosam

423 890 546 931 esse
576 873 1035 937 misericordiam,
1063 874 1344 946 religionis
1366 874 1488 930 loco
1516 874 1702 930 haberi
1733 874 2032 931 crudelita-

427 982 561 1026 tem.
593 970 846 1025 Castrum
884 969 939 1025 in
980 969 1222 1040 templo,
1257 969 1459 1024 bellum
1498 969 1551 1024 in
1582 968 1768 1024 limine
1791 1010 1806 1034 ,
1851 969 2029 1024 fumus

423 1064 479 1118 in
509 1061 814 1118 altaribus:
851 1077 912 1117 ea
950 1078 1010 1117 se
1057 1071 1309 1134 spectare
1352 1062 1560 1126 oculis,
1593 1079 1712 1132 qua:
1750 1060 2028 1132 prophetis

425 1156 878 1214 denuntiantibus
924 1172 1032 1211 non
1066 1155 1431 1214 credidissent
1473 1156 1678 1211 futura.
1724 1155 1916 1211 Nonne
1959 1154 2028 1210 de

427 1252 559 1322 ipsis
591 1251 806 1306 dixerat
860 1250 1074 1305 David:
1147 1248 1456 1304 Polluerunt
1508 1249 1754 1318 templum
1795 1256 2029 1302 sanctum

427 1353 573 1398 tuum
597 1386 610 1407 ,
655 1353 938 1415 posuerunt
988 1343 1261 1396 morticina
1300 1358 1564 1397 servorum
1616 1352 1822 1396 (uorum
1861 1357 2029 1396 escam

425 1437 726 1492 volatilibus
769 1437 882 1491 caeli
912 1453 930 1490 :
971 1435 1268 1503 eﬂ'uderunt
1321 1436 1622 1506 sanguinem
1660 1451 1836 1489 eorum
1890 1436 2029 1491 velut

425 1547 614 1602 aquam
641 1531 694 1584 in
723 1530 942 1584 circuitu
975 1529 1341 1596 Hierusalem,
1374 1540 1423 1585 et
1453 1545 1556 1583 non
1587 1538 1695 1582 erat
1723 1530 1810 1600 qui
1845 1530 2030 1602 sepeli-

422 1635 500 1679 ret
531 1621 706 1695 (Psal.
741 1637 967 1689 Lxxvnt,
1002 1624 1053 1689 l,
1087 1623 1186 1693 3)?
1215 1623 1390 1679 Simul
1420 1624 1566 1679 enim
1611 1632 1738 1679 tunc
1763 1635 1816 1680 et
1837 1636 2028 1696 gentes

423 1722 692 1771 venerunt
717 1713 770 1769 in
803 1713 1178 1771 bmreditatem
1229 1715 1320 1771 Dei
1347 1731 1467 1787 qua:
1508 1717 1785 1771 auferrent
1811 1717 2024 1783 omnia,

2133 501 2373 572 pericula
2402 502 2579 558 solum
2609 504 2938 571 dimitteret,
2971 504 3237 561 adversus
3267 503 3559 560 Vitelliana
3586 518 3744 559 arma

2131 591 2540 649 conﬂicturum.
2581 595 2749 651 Movit
2775 597 2958 668 itaque
2995 595 3100 654 iter
3130 612 3325 668 magno
3355 598 3558 653 decore
3586 612 3754 652 exer-

2131 683 2272 740 citus
2301 701 2315 739 :
2349 685 2589 740 solitudo
2618 687 2844 757 ubique,
2875 696 2930 744 et
2959 698 3147 758 parato
3177 689 3394 759 agmine
3421 697 3754 760 suspectans

2133 776 2377 843 insidias,
2393 777 2516 848 quia
2539 779 2738 835 virtute
2759 795 2819 836 se
2841 782 3181 851 superiorem
3205 781 3442 838 videbat.
3469 783 3626 836 Venit
3650 798 3756 852 per

2132 867 2393 924 Samaria:
2421 870 2562 940 loca,
2592 873 2833 942 suscepit
2862 888 2985 929 eum
3013 882 3037 910 α
3061 872 3267 940 Gosna,
3292 890 3412 946 qua:
3441 874 3507 929 ad
3538 874 3713 930 Roma
3733 905 3754 917 ο

2133 978 2234 1018 nos
2281 962 2599 1033 jamdudum
2657 975 3052 1021 concesserat:
3083 977 3306 1027 ventum
3353 967 3407 1022 in
3449 966 3751 1035 Aulanam,

2132 1054 2278 1111 unde
2307 1057 2500 1112 aberat
2534 1057 2914 1131 Hierosolyma
2947 1057 3138 1114 stadiis
3172 1075 3280 1114 xxx
3321 1059 3451 1114 nihil
3483 1059 3753 1129 amplius.

2132 1148 2262 1206 Inde
2301 1151 2597 1222 assumptis
2621 1151 2900 1224 equitibus
2932 1167 3162 1208 numero
3192 1152 3471 1208 sexcentis
3501 1154 3755 1223 perrexit

2131 1243 2431 1312 equitatum
2489 1253 2618 1300 ante
2675 1245 2868 1301 urbem
2913 1263 2928 1302 :
2967 1245 3308 1316 exploratum
3359 1259 3580 1316 quoque
3635 1245 3753 1301 loci

2130 1338 2318 1404 situm,
2361 1339 2826 1408 munimentorum
2861 1339 3216 1409 qualitatem,
3249 1351 3525 1393 murorum
3559 1337 3753 1392 altitu—

2131 1430 2337 1498 dinem,
2367 1431 2546 1488 studia
2577 1433 2774 1502 plebis,
2802 1449 2921 1504 qua:
2958 1432 3238 1488 ferebatur
3268 1433 3544 1487 latronum
3573 1435 3752 1488 armis

2135 1527 2338 1595 premi,
2370 1536 2426 1581 et
2456 1526 2748 1582 factionum
2787 1525 3077 1597 stipaminc
3107 1526 3497 1582 circumveniri
3530 1543 3542 1580 :
3579 1535 3638 1580 ut
3664 1527 3752 1581 in-

2134 1617 2239 1672 vita
2289 1616 2665 1687 acquiesceret
2705 1616 3020 1683 obsidioni,
3060 1617 3351 1687 quominus
3410 1619 3749 1673 voluntatem

2131 1724 2257 1779 erga
2281 1709 2556 1765 Romanos
2581 1709 2858 1780 proderet,
2885 1710 2929 1765 si
2959 1709 3180 1766 libertas
3205 1713 3450 1766 daretur.
3486 1711 3750 1782 Speciose

423 1820 481 1866 et
508 1810 768 1880 templum
799 1811 1067 1880 pollutum
1090 1820 1174 1866 est
1200 1825 1422 1866 suorum
1454 1809 1734 1866 funeribus
1754 1852 1769 1876 ,
1803 1821 1859 1867 et
1884 1812 2026 1868 inse-
2060 1805 2104 1865 Β
2135 1801 2297 1872 igitur
2317 1818 2441 1858 cum
2473 1804 2659 1873 paucis
2679 1803 2960 1874 eQuitabat
2992 1805 3044 1858 in
3069 1818 3265 1875 aggere
3286 1805 3527 1876 publico,
3551 1808 3643 1876 qui
3673 1807 3746 1862 ad

425 1901 571 1972 pulta
613 1901 904 1972 jacucrunt
947 1901 1212 1958 cadavera
1259 1901 1669 1958 interfectorum
1727 1902 1796 1958 ad
1845 1918 2024 1959 escam

423 1998 604 2052 avium
640 1997 1045 2068 bestiarumque
1074 1996 1426 2053 voracitatem
1474 2014 1488 2051 :
1524 1997 1725 2054 effusus
1769 1999 2024 2068 sanguis,

426 2100 485 2145 ut
512 2098 789 2159 stagnaret
816 2090 867 2143 in
897 2090 1131 2160 templo,
1174 2090 1394 2146 deesset
1435 2092 1526 2161 qui
1575 2090 1836 2162 sepeliret
1862 2107 1875 2144 :
1900 2091 2024 2161 quia

426 2200 455 2238 a
478 2181 785 2238 viventibus
816 2182 870 2237 in
902 2191 1146 2237 mortuos
1172 2223 1186 2247 ,
1226 2199 1256 2237 a
1283 2183 1513 2238 mortuis
1539 2183 1593 2238 in
1615 2197 1710 2237 eos
1731 2181 1824 2252 qui
1852 2181 2026 2237 adhuc

429 2275 715 2340 viverent,
767 2272 920 2328 furor
947 2274 1394 2330 transferebatur.
1427 2273 1658 2330 Volebat
1695 2274 1895 2345 aliquis
1932 2273 2027 2331 de-

427 2368 673 2422 functum
693 2366 917 2422 humare
940 2366 963 2420 ?
983 2368 1097 2437 ipse
1121 2367 1600 2438 exstinguebatur:
1640 2375 1695 2423 et
1716 2367 1807 2438 qui
1834 2367 2026 2424 defun-

425 2470 571 2515 ctum
600 2459 906 2526 occiderat,
939 2459 991 2514 in
1025 2462 1354 2530 sepultorem
1396 2460 1758 2516 transferebat
1804 2461 2024 2516 iracun-

425 2551 605 2618 diam;
629 2561 687 2607 ut
710 2551 783 2606 illi
808 2552 1146 2622 sepulturam
1171 2561 1426 2624 negaret,
1447 2554 1593 2608 hunc
1612 2554 2021 2626 exstinguebat:

425 2659 615 2701 rursus
644 2645 734 2715 qui
762 2645 1094 2714 sepultorem
1121 2644 1415 2715 occiderat,
1440 2645 1701 2715 majorem
1735 2646 2027 2702 crudelita-

425 2748 536 2794 tem
566 2739 709 2794 circa
733 2737 1049 2794 defunctum
1077 2740 1407 2806 exercebat,
1443 2738 1626 2810 utjam
1659 2739 1792 2795 nihil
1817 2739 2023 2796 deben-

423 2841 537 2887 tem
563 2831 693 2886 odio
712 2873 727 2899 ,
754 2847 860 2887 non
887 2832 1212 2889 sentientem
1237 2833 1504 2902 supplicia
1522 2875 1535 2899 ,
1559 2835 1819 2903 spoliaret
1836 2849 2025 2905 supre-

425 2940 518 2981 mo
544 2934 748 2981 naturae
775 2925 978 2980 debito.
1007 2925 1147 2994 Quid
1178 2927 1285 2982 illis
1311 2927 1459 2982 aliud
1501 2928 1753 2983 accidere
1782 2939 2020 2998 poterat,

423 3017 515 3089 qui
545 3017 727 3072 divina
763 3032 874 3073 non
911 3019 1252 3088 recipiebant
1277 3020 1532 3076 oracula?
1562 3022 1867 3078 lrridebant
1901 3040 2024 3094 pro-

421 3113 708 3182 phetarum
734 3111 1178 3167 annuntiationes
1199 3153 1214 3177 ,
1245 3111 1326 3167 fas
1351 3127 1516 3169 omne
1549 3115 1834 3170 calcabant
1869 3134 1882 3170 :
1912 3133 2020 3172 non

2132 1910 2319 1951 muros
2347 1897 2498 1952 urbis
2520 1895 2881 1968 dirigebatur,
2909 1911 3010 1953 nec
3032 1900 3318 1968 quisquam
3341 1907 3424 1954 est
3445 1900 3596 1954 visus
3618 1914 3747 1970 pro-

2131 1991 2306 2060 gredi.
2343 1989 2542 2045 Verum
2575 1991 2661 2045 ubi
2694 1990 2762 2045 ad
2799 1991 3110 2047 obeundum
3138 2007 3418 2047 murorum
3450 1992 3744 2048 circuitum

2129 2082 2281 2139 ﬂexit
2306 2100 2505 2156 equum
2536 2086 2590 2139 in
2619 2086 2782 2151 latus,
2813 2100 2938 2140 eum
2966 2094 3164 2140 caetera
3189 2083 3216 2122 ι)
3245 2086 3403 2140 turba
3435 2085 3628 2142 ducem
3655 2102 3752 2142 se.

2129 2187 2414 2249 queretur,
2446 2192 2681 2248 erupere
2710 2176 2893 2232 subito
2921 2177 3166 2248 plerique
3187 2176 3256 2232 de
3282 2177 3403 2233 loco
3434 2179 3525 2249 qui
3553 2179 3742 2249 appel-

2131 2271 2341 2326 labatur
2365 2282 2556 2327 contra
2591 2272 2809 2328 Helena:
2841 2271 3184 2342 sepulcrum,
3215 2282 3273 2328 et
3300 2275 3618 2330 exsilientes
3646 2289 3742 2330 oe-

2128 2375 2464 2436 eupaverunt
2510 2366 2650 2432 iter,
2693 2375 2752 2421 ut
2798 2365 3140 2422 includercnt
3182 2367 3444 2437 majorem
3494 2369 3738 2439 equitum

2130 2469 2337 2528 partem
2363 2473 2483 2528 qua:
2505 2457 2689 2512 Titum
2711 2457 3040 2528 sequebatur
3068 2476 3082 2512 :
3111 2459 3226 2526 ipse
3242 2472 3365 2513 cum
3390 2459 3576 2529 paucis
3599 2475 3735 2530 prte-

2129 2552 2352 2607 terierat
2371 2551 2622 2607 consulto
2648 2551 3041 2618 insidiantium,
3067 2561 3125 2606 ut
3145 2551 3438 2606 destitutus
3465 2567 3496 2606 a
3520 2553 3734 2608 caeteris

2127 2644 2343 2699 facilius
2383 2643 2786 2714 Opprimeretur
2821 2661 2835 2697 :
2866 2645 2991 2714 quia
3022 2659 3200 2714 neque
3241 2643 3310 2699 ad
3349 2659 3479 2699 suos
3517 2643 3730 2715 regredi

2127 2735 2287 2791 facile
2309 2745 2444 2802 erat,
2471 2744 2695 2806 propter
2721 2735 3012 2790 instantem
3037 2735 3271 2790 hostium
3291 2735 3726 2802 multitudinem;

2128 2847 2307 2902 neque
2351 2831 2606 2901 progredi
2646 2829 2877 2886 ulterius
2914 2829 3062 2885 fossa
3095 2840 3187 2885 aut
3224 2830 3423 2885 vallum
3453 2830 3728 2899 sinebant,

2127 2938 2431 2997 caeteraque
2459 2925 2702 2980 locorum
2737 2924 3146 2996 impedimenta,
3176 2925 3372 2996 quibus
3401 2937 3602 2996 anceps
3631 2939 3726 2994 pe-

2127 3021 2359 3076 riculnm
2391 3017 2746 3076 inferebatur.

2738 3113 2969 3171 CAPUT
3007 3113 3100 3171 IV.

421 3204 1077 3276 credebantfntura,qum
1104 3215 1158 3260 ut
1187 3207 1400 3272 tierent,
1423 3207 1526 3276 ipsi
1552 3209 2020 3268 acceleraverunt.
2053 3196 2098 3260 C
2204 3209 2406 3264 V'idens
2439 3209 2621 3280 itaque
2650 3207 2806 3264 Titus
2845 3209 2898 3263 in
2926 3209 3126 3264 virtute
3159 3221 3180 3247 ο
3213 3223 3308 3264 sua
3351 3207 3586 3278 positum
3625 3207 3730 3262 sibi

424 3298 557 3353 Erat
584 3300 728 3353 enim
757 3313 938 3354 sermo
965 3308 1120 3355 vetus
1160 3311 1214 3356 et
1237 3300 1494 3372 frequens
1515 3343 1530 3368 ,
1568 3311 1694 3358 tunc
1725 3305 2022 3374 perituram

427 3390 618 3445 urbem
667 3389 1121 3461 Hierosolymam,
1176 3402 1230 3447 et
1281 3403 1469 3449 sancta
1524 3395 1644 3465 ejus
1701 3398 2020 3468 exurenda,

426 3499 550 3538 cum
594 3484 792 3539 seditio
851 3483 978 3540 belli
1014 3486 1188 3555 legem
1239 3490 1559 3557 incesseret,
1611 3499 1666 3544 et
1710 3489 2024 3548 domestica:

426 3591 620 3630 manus
665 3576 929 3645 templum
980 3577 1076 3632 Dei
1128 3580 1569 3635 contaminarent
1610 3599 1624 3634 :
1665 3583 1760 3637 sed
1806 3599 1876 3638 ne
1923 3585 2026 3641 hoc

422 3670 641 3741 quidem
694 3671 1101 3727 intellexerunt.
1154 3673 1376 3739 Quoties
1415 3674 1560 3730 enim
1605 3677 1786 3731 excisa
1831 3677 2026 3734 domus

427 3766 558 3832 Dei,
589 3765 804 3835 quoties
822 3765 1040 3830 seditio,
1067 3765 1281 3834 quoties
1303 3766 1534 3834 obsidio,
1559 3771 1774 3838 quoties
1791 3770 2027 3826 bellum?

423 3863 480 3912 et
519 3871 810 3926 numquam
863 3856 957 3910 illa
1001 3856 1131 3913 urbs
1175 3857 1374 3926 periit,
1431 3859 1534 3915 nisi
1574 3861 1791 3929 quando
1837 3877 2025 3918 verum

422 3950 684 4019 templum
732 3951 823 4006 Dei
855 3951 1168 4007 domesticis
1210 3953 1460 4008 manibus
1505 3956 1911 4014 crucifixerunt.
1961 3960 2029 4015 Et

423 4042 568 4112 quod
597 4042 731 4096 illud
763 4044 1064 4113 templum?
1088 4044 1325 4099 Andiant
1352 4062 1364 4097 :
1390 4045 1590 4101 Solvite
1620 4049 1865 4118 templum
1893 4051 2022 4117 hoc,

424 4145 474 4187 ct
518 4136 571 4187 in
625 4134 797 4187 triduo
838 4135 1156 4189 resuscitabo
1202 4136 1339 4190 illud
1367 4135 1559 4206 (Joan.
1616 4155 1676 4205 ll,
1712 4141 1777 4196 l9
1813 4139 1851 4211 ).
1885 4142 2025 4208 Quid

423 4229 570 4284 enim
605 4227 754 4283 aliud
781 4229 882 4283 nisi
913 4227 1259 4297 sacrilegium
1297 4229 1417 4296 fuit,
1447 4247 1568 4286 cum
1603 4234 1795 4302 impias
1832 4251 2026 4292 manus

423 4319 782 4375 extenderent
804 4320 855 4374 in
888 4329 1163 4374 auctorem
1180 4321 1394 4386 salutis,
1415 4337 1536 4377 cum
1553 4323 1879 4393 lapidarent,
1900 4342 2024 4383 cum

422 4415 796 4480 verberarent,
817 4429 938 4470 cum
963 4416 1325 4483 corriperent,
1346 4431 1468 4470 eum
1498 4409 1850 4488 occiderent?
1875 4420 2026 4477 Tunc

421 4525 553 4566 vere
578 4519 762 4566 saneta
792 4525 976 4565 eorum
1019 4509 1323 4580 absumpsit
1363 4510 1504 4582 ignis
1533 4511 1745 4568 divinus
1782 4534 1795 4568 :
1825 4529 1947 4569 nam
1973 4525 2028 4571 et

2129 3303 2432 3360 remedium
2469 3302 2685 3369 salutis,
2718 3316 2819 3357 nec
2847 3301 3010 3356 aliter
3040 3301 3140 3356 nisi
3175 3302 3318 3356 ferro
3346 3301 3450 3355 iter
3473 3300 3725 3371 aperien-

2130 3395 2257 3450 dum
2284 3414 2295 3449 :
2327 3395 2440 3466 jam
2467 3395 2611 3449 enim
2644 3393 2738 3448 alii
2771 3392 2987 3448 reﬂexis
3011 3391 3162 3461 equis
3186 3391 3575 3459 discesserant,
3600 3389 3728 3446 dum

2129 3497 2184 3542 et
2207 3486 2309 3556 ipsi
2339 3485 2684 3555 imperatoris
2714 3484 2885 3539 filium
2916 3492 3224 3539 secuturum
3255 3492 3561 3554 sperarent,
3593 3498 3730 3538 con-

2129 3581 2294 3636 vertit
2315 3595 2512 3650 equum
2544 3577 2900 3649 hortatusque
2927 3577 3164 3633 clamore
3192 3588 3421 3633 cmleros
3449 3586 3508 3632 ut
3538 3591 3732 3648 seque-

2130 3685 2352 3741 rentur,
2387 3690 2550 3744 supra
2596 3673 2809 3730 hostem
2855 3675 3013 3729 irruit
3045 3692 3058 3727 :
3089 3673 3421 3743 impossibile
3449 3673 3553 3730 hoc
3582 3673 3733 3728 vide-

2131 3782 2304 3836 retur,
2331 3766 2604 3838 quomodo
2640 3767 2813 3837 potuit
2843 3766 3098 3833 evadere,
3131 3766 3231 3820 nisi
3263 3774 3450 3820 notum
3482 3776 3648 3829 esset,
3676 3765 3728 3820 in

2131 3865 2275 3920 bello
2308 3863 2598 3934 plurimum
2629 3862 2910 3918 audaciam
2953 3876 3114 3931 posse
3138 3903 3152 3925 ,
3196 3876 3317 3932 quae
3353 3861 3440 3915 vel
3474 3859 3589 3914 sola
3624 3859 3728 3914 sibi

2131 3972 2320 4011 murus
2350 3964 2434 4010 est
2467 3973 2480 4009 :
2513 3953 2712 4010 deinde
2742 3954 2866 4024 quia
2891 3953 3014 4008 aliis
3043 3966 3185 4023 pone
3215 3951 3589 4022 sequentibus,
3620 3949 3729 4005 vile

2132 4046 2322 4115 vulgus
2352 4045 2455 4100 sibi
2487 4045 2657 4117 magis
2695 4045 2748 4098 in
2794 4043 3034 4112 periculo
3059 4042 3450 4098 consulendum
3485 4041 3727 4111 putabat,

2131 4154 2290 4210 quam
2339 4137 2548 4194 hostem
2601 4137 3034 4208 persequendum
3076 4154 3089 4190 :
3134 4133 3162 4172 ἀ
3197 4147 3252 4191 at
3290 4136 3335 4191 si
3371 4137 3463 4207 qui
3508 4152 3725 4192 manum

2130 4229 2485 4297 extenderat,
2523 4239 2583 4285 ut
2619 4245 2816 4299 equum
2862 4238 3102 4295 teneret,
3133 4227 3446 4285 feriebatur.
3490 4229 3730 4299 Denique

2131 4325 2240 4379 duo
2281 4333 2488 4378 tantum
2529 4338 2597 4378 ex
2633 4321 2740 4378 Titi
2783 4323 2951 4378 sociis
2991 4322 3261 4378 interfecti
3293 4340 3306 4376 :
3345 4338 3470 4377 cum
3506 4323 3729 4394 reliquis

2132 4417 2478 4489 imperatoris
2509 4416 2650 4473 filius
2677 4417 2744 4471 ad
2772 4431 2899 4471 suos
2927 4416 3173 4472 revertit.
3205 4416 3386 4487 Neque
3415 4432 3547 4471 sane
3573 4415 3726 4472 dubi-

2131 4510 2356 4565 tandum
2386 4508 2622 4578 videtur,
2653 4508 2797 4580 quod
2828 4511 3026 4565 intecto
3055 4509 3252 4579 capite,
3285 4508 3463 4564 nudus
3487 4519 3683 4564 uetera
3714 4527 3726 4564 :

422 4612 615 4659 exusta
643 4617 674 4657 a
717 4601 1030 4674 Babyloniis
1054 4643 1068 4669 ,
1107 4610 1359 4670 reparata
1389 4612 1580 4672 postea
1625 4621 1638 4658 :
1685 4604 1960 4663 destructa
1994 4624 2022 4662 a
2053 4588 2106 4648 D
2134 4612 2314 4674 utpote
2352 4605 2442 4674 qui
2485 4604 2540 4658 in
2586 4618 2818 4660 excursu
2860 4615 3240 4675 processerat,
3275 4619 3380 4658 non
3425 4603 3492 4658 ad
3525 4605 3724 4660 bellum

422 4697 683 4766 Pompeio
705 4737 718 4759 ,
752 4694 1046 4750 reformata
1075 4695 1271 4750 iterum
1292 4713 1304 4748 :
1324 4695 1418 4752 sed
1441 4701 1654 4766 penitus
1678 4710 1868 4756 exusta
1890 4744 1905 4768 ,
1933 4701 2022 4757 ubi

417 4789 577 4844 Jesus
609 4787 789 4852 venit,
821 4796 875 4843 et
901 4787 1136 4858 Spiritus
1167 4787 1334 4843 divini
1376 4790 1556 4846 calore
1586 4791 1760 4847 soluta
1789 4811 2026 4851 evanue-

418 4894 564 4939 runt.
608 4884 860 4952 Oportuit
891 4883 1146 4938 uberiore
1172 4883 1403 4953 quadam
1425 4883 1802 4954 deploratione
1828 4890 2022 4958 praeire

416 4990 518 5030 nos
559 4975 722 5028 funus
755 4975 1024 5044 quoddam
1071 4985 1312 5044 paternae
1353 4976 1749 5043 solemnitatis,
1791 4987 1845 5033 et
1877 4981 2023 5035 velut

414 5070 707 5141 exsequias
729 5070 990 5140 quasdam
1019 5071 1304 5141 prosequi,
1338 5085 1403 5126 ac
1435 5071 1649 5124 solvere
1667 5070 1817 5139 juxta
1851 5072 2020 5142 majo-

414 5179 534 5216 rum
566 5162 808 5216 instituta
843 5179 856 5216 :
885 5161 979 5218 sed
1007 5163 1288 5218 veniamus
1311 5161 1376 5217 ad
1403 5161 1690 5218 exordium
1717 5162 2021 5220 obsidionis

416 5253 784 5310 Hierusalem.

1031 5345 1262 5402 CAPUT
1304 5345 1389 5402 III.

486 5438 808 5494 Reverterat
839 5438 890 5491 in
919 5437 1162 5492 Judceam
1196 5437 1350 5491 Titus
1371 5477 1384 5501 ,
1412 5445 1467 5492 et
1498 5439 1680 5508 paucis
1709 5437 1900 5494 diebus
1931 5439 2016 5494 in-

416 5529 726 5602 terpositis,
759 5541 816 5587 ut
859 5531 1201 5601 replerentur
1229 5530 1452 5587 ordines
1480 5531 1794 5586 militarium
1825 5548 2016 5589 nume-

409 5636 596 5678 rorum
628 5622 694 5677 de
715 5623 909 5693 quibus
938 5622 1077 5678 lecta
1105 5637 1300 5676 manus
1330 5623 1492 5678 missa
1519 5621 1760 5679 fueratin
1785 5623 2011 5693 Italiam,

486 5755 508 5778 ιι
549 5742 836 5809 Jusepltus,
869 5741 1110 5812 Gophua.
1154 5742 1323 5798 ΒΑΜ.

485 5812 510 5849 ³³
551 5813 763 5867 Tunna.
795 5814 872 5868 Ib.

2132 4705 2383 4767 paratus,
2419 4712 2517 4752 nec
2537 4697 2758 4766 galeam
2790 4712 2891 4752 nec
2927 4697 3149 4752 loricam
3175 4696 3428 4753 induerat
3449 4737 3466 4763 ,
3499 4713 3566 4752 co
3595 4698 3724 4753 nihil

2129 4791 2404 4861 exceperit
2435 4792 2697 4858 vulneris,
2730 4806 2852 4847 cum
2886 4792 3124 4848 maxime
3156 4793 3207 4846 in
3240 4793 3413 4863 ipsum
3445 4793 3550 4848 tela
3572 4792 3721 4863 jace-

2128 4892 2338 4946 rentur,
2358 4883 2501 4952 quod
2529 4882 2595 4938 ad
2619 4883 2890 4939 excidium
2914 4884 3061 4938 urbis
3079 4884 3230 4939 illius
3249 4884 3330 4939 vir
3351 4892 3533 4940 tantus
3550 4899 3724 4941 reser-

2126 4986 2368 5030 varetur.
2389 4976 2511 5043 Est,
2531 4985 2604 5031 est
2628 4975 2872 5046 profecto
2897 4993 2986 5031 cor
3011 4981 3145 5048 regis
3165 4977 3216 5030 in
3237 4992 3394 5031 manu
3412 4975 3512 5031 Dei
3535 4977 3718 5048 (Prov.

2128 5083 2240 5129 xxi,
2275 5065 2356 5137 1).
2405 5065 2593 5138 Itaque
2624 5083 2692 5122 ne
2732 5075 3004 5123 cresceret
3039 5067 3258 5123 audacia
3291 5067 3494 5123 Judmis
3528 5079 3718 5124 eventu

2127 5158 2334 5215 fraudis
2373 5168 2428 5214 ct
2462 5158 2607 5225 doli,
2654 5159 2928 5229 profectus
2957 5159 3023 5213 ad
3065 5160 3251 5215 urbem
3292 5175 3416 5215 cum
3455 5162 3718 5228 exercitu,

2127 5263 2250 5324 post
2270 5263 2485 5308 noctem
2511 5252 2681 5319 redit;
2713 5262 2766 5308 et
2786 5253 2853 5308 de
2876 5254 3092 5324 specula
3113 5252 3342 5323 quadam
3365 5253 3507 5308 unde
3531 5253 3722 5310 civitas

2125 5353 2570 5416 prospectaretur
2593 5355 2647 5400 et
2680 5345 2863 5414 templi
2901 5344 3213 5414 magnitudo
3239 5344 3574 5415 amplissima
3591 5387 3605 5412 ,
3631 5345 3719 5400 de-

2123 5447 2392 5495 monstrat
2412 5439 2527 5494 suis
2547 5480 2562 5506 ,
2598 5454 2721 5494 eum
2754 5455 2858 5509 qua
2888 5439 3022 5494 urbe
3049 5436 3153 5494 sibi
3181 5437 3381 5494 bellum
3410 5438 3582 5505 foret;
3617 5439 3715 5493 im~

2121 5531 2306 5602 pigros
2339 5540 2395 5586 et
2429 5531 2702 5586 cautiores
2729 5544 2865 5601 esse.
2892 5541 3146 5601 Oportere
3179 5548 3192 5584 :
3221 5530 3364 5602 quod
3404 5531 3717 5586 innumera-

2120 5624 2244 5680 bilis
2272 5622 2374 5679 sibi
2401 5623 2633 5694 populus
2660 5621 3048 5696 expugnandus
3073 5621 3235 5690 foret,
3266 5630 3320 5678 et
3350 5618 3525 5678 fraudi
3558 5637 3705 5694 para-

2186 5755 2224 5806 ,9
2268 5743 2418 5800 Sola.
2447 5741 2523 5802 lo.

2185 5811 2213 5853 ά
2252 5815 2326 5870 Ac
2352 5815 2397 5871 si
2423 5816 2554 5886 quis.
2588 5811 2666 5875 Ib.
