3948 6320
130 361 280 417 2157

1000 355 1273 414 HISTOR.
1314 355 1404 412 DE
1444 352 1722 413 EXCIDIO
1749 352 2018 412 HIEROS.
2066 353 2267 411 URBIS
2299 352 2427 411 LIB.
2476 353 2542 410 V.

3300 357 3447 416 2138

130 483 248 529 tus.
298 471 526 529 Ordinat
562 473 655 543 qui
704 470 878 528 muris
920 471 1142 528 ordines
1184 470 1683 543 appropinquarent
1726 471 1820 532 :A
1846 471 2132 527 militarem
2173 470 2256 526 bis
2289 470 2565 527 revocavit
2593 484 2622 525 a
2654 470 2806 543 fuga,
2850 472 3197 545 periculoque
3244 474 3450 545 pariter

126 580 275 636 quos
301 563 479 619 adhuc
501 566 673 620 fessos
697 573 968 620 nocturno
996 564 1188 619 itinere
1213 573 1563 634 cognoverat,
1588 562 1742 633 quasi

128 657 569 712 suecenturiatos
613 658 827 711 eminus
871 655 1033 711 locat.
1085 655 1353 711 Paulatim
1403 653 1739 728 proceditur.

128 748 243 804 Ubi
275 757 496 804 ventum
525 750 592 803 ad
627 759 866 805 montem
898 749 1132 816 Oliveti,
1166 749 1321 803 vallis
1350 749 1451 803 sub
1481 748 1599 817 ipso
1630 762 1741 803 me-

128 841 228 897 dia
260 842 401 898 inter
426 857 550 898 eum
592 852 755 911 atque
792 842 979 898 urbem
1007 842 1396 913 interjaccbat,
1424 842 1510 897 cui
1543 856 1738 896 nomen

124 936 353 992 Cedron
385 956 396 990 :
432 937 520 993 ubi
561 939 918 993 constitutum
955 940 1255 996 exercitum
1297 939 1365 994 de
1401 939 1570 994 muris
1597 939 1742 1009 aspi-

123 1032 347 1088 cientes
369 1031 518 1105 (nam
549 1046 645 1087 sex
674 1032 863 1087 stadiis
884 1032 1095 1104 aberat)
1122 1032 1407 1089 seditionis
1431 1032 1497 1087 ad
1528 1041 1739 1102 tempus

119 1124 312 1180 studia
340 1124 663 1195 deposuere,
686 1134 741 1180 et
762 1124 1002 1181 externis
1025 1124 1272 1180 hostibus
1303 1124 1736 1191 advenientibus,

120 1218 435 1275 domestico
465 1217 671 1275 ﬁndere
697 1227 1033 1287 sequestrata
1062 1219 1305 1275 civilium
1326 1219 1597 1275 bellorum
1621 1234 1740 1275 cer-

121 1314 359 1367 tamina.
410 1312 739 1383 Plerumque
774 1313 918 1368 enim
967 1314 1133 1369 etiam
1166 1314 1364 1369 acerba
1399 1312 1523 1368 odia
1561 1322 1738 1369 metus

119 1404 465 1473 comprimit.
508 1404 753 1473 Denique
790 1405 1056 1462 cohortati
1093 1420 1215 1461 sesc
1272 1405 1504 1461 invicem
1548 1404 1740 1461 factio-

121 1510 265 1549 num
296 1495 420 1563 viri,
451 1504 509 1550 ut
538 1495 591 1551 in
622 1512 786 1550 unum
818 1497 1260 1567 conspirantibus
1287 1497 1480 1552 studiis
1510 1498 1735 1568 patriam

115 1584 503 1654 delensarent,
525 1602 594 1643 ne
615 1602 803 1643 eorum
828 1588 1098 1642 discordia
1118 1588 1451 1644 incruentam
1478 1588 1737 1645 Romanis

118 1682 421 1739 victoriam
445 1684 620 1753 daret,
646 1684 767 1741 freti
792 1700 1021 1740 numero
1044 1686 1253 1741 hostem
1280 1686 1463 1741 subito
1485 1686 1737 1741 adorien-

116 1773 261 1828 dum
293 1786 571 1844 putarunt,
605 1786 658 1831 et
683 1776 974 1847 improvisa
1003 1778 1289 1848 eruptione
1318 1777 1523 1848 primos
1553 1780 1736 1833 turba-

1844 562 1994 618 exuit
2033 572 2089 618 et
2127 563 2420 634 opprobrio
2446 605 2460 629 ,
2493 564 2692 619 virtute
2723 564 2839 633 pari
2866 578 3031 632 usus,
3063 574 3119 620 et
3140 565 3206 620 ad
3234 575 3453 635 postre-

1843 670 1990 711 mum
2022 654 2251 726 pudore.
2298 655 2398 722 Qui
2436 655 2562 711 dum
2595 657 2860 727 ignaviam
2892 656 3163 725 declinat,
3191 659 3446 716 virtutem

1842 749 2047 806 invexit
2070 767 2083 802 :
2109 749 2343 819 primum
2369 764 2434 805 ne
2452 748 2633 805 Caesar
2650 750 3085 823 relinqueretur;
3117 762 3237 822 post
3256 753 3444 823 etiam,

1841 854 1901 901 ut
1924 843 2096 899 hostis
2124 843 2499 915 repelleretur.

2494 934 2723 993 CAPUT
2763 936 2828 991 V.

1912 1034 2042 1089 Post
2074 1033 2191 1090 haec
2231 1034 2321 1089 ubi
2358 1034 2573 1089 forense
2615 1034 2859 1104 praelium
2897 1033 3173 1104 paulisper
3210 1032 3442 1104 quievit,

1840 1127 2114 1184 internum
2169 1129 2452 1185 successit.
2508 1127 2747 1199 Namque
2812 1127 3079 1197 paschalis
3136 1129 3442 1184 interventu

1839 1220 2193 1285 celebritatis,
2226 1222 2538 1277 subornatis
2565 1220 2839 1291 plerisque
2868 1219 3106 1275 Joannes
3128 1262 3142 1287 ,
3168 1220 3257 1291 qui
3289 1221 3442 1285 quasi

1839 1313 2238 1369 observationis
2273 1312 2447 1383 gratia
2487 1311 2747 1383 templum
2791 1312 3038 1375 adirent,
3081 1322 3133 1366 et
3169 1321 3440 1381 tamquam

1839 1407 2003 1462 sociis
2024 1406 2145 1460 data
2169 1404 2507 1475 ingrediendi
2528 1405 2705 1475 copia,
2725 1404 2908 1459 dolum
2930 1406 3184 1474 patravit.
3213 1404 3443 1475 Ingressi

1839 1498 1982 1554 enim
2015 1498 2197 1568 specie
2227 1496 2394 1564 civili,
2429 1497 2524 1552 sed
2554 1497 2780 1551 interius
2809 1497 3031 1563 armati,
3065 1496 3281 1567 rejectis
3311 1512 3445 1552 exu-

1837 1590 1938 1646 viis
1972 1591 2183 1661 gladios
2230 1590 2486 1645 attollunt
2525 1590 2750 1645 loricato
2795 1597 3048 1660 pectore,
3100 1600 3155 1645 et
3200 1590 3437 1660 prmliari

1836 1683 2062 1738 accincti
2103 1682 2416 1739 munimine.
2459 1682 2578 1752 Quo
2610 1694 2820 1737 terrore
2854 1681 3125 1753 perculsi,
3173 1684 3267 1753 qui
3300 1684 3439 1739 intra

1842 1777 2101 1847 templum
2152 1777 2387 1831 inermes
2437 1776 2695 1831 celebrati
2746 1776 3051 1844 vacabant,
3096 1776 3438 1845 exsilierunt,

119 1881 283 1921 vere.
318 1866 427 1922 Sed
458 1866 549 1921 ubi
579 1882 637 1923 se
674 1867 909 1923 Romani
947 1868 1065 1937 ipso
1092 1885 1194 1923 usu
1230 1870 1439 1934 veteri,
1473 1880 1528 1924 et
1555 1869 1732 1925 diver-
1762 1868 1808 1928 B
1839 1869 2209 1939 templumque
2236 1884 2460 1923 vacuum
2490 1868 2916 1939 dereliquerunt.
2949 1868 3059 1924 Eos
3085 1870 3192 1925 illis
3214 1872 3439 1939 secutis,

114 1975 317 2016 snrum
369 1976 627 2032 generum
688 1961 888 2030 proeliis
956 1961 1282 2026 exercitati,
1341 1961 1733 2017 confirmavere

112 2056 329 2110 animis
356 2055 547 2111 ordine
577 2070 677 2110 suo
705 2064 730 2090 ³
765 2055 912 2120 nexi,
943 2055 1158 2113 cardere
1185 2055 1524 2111 incursantes
1552 2071 1735 2126 cmpe-

118 2161 293 2215 runt,
337 2149 855 2220 scutis;repellere,
917 2150 1238 2221 proturbare
1278 2150 1424 2220 jaetu
1476 2150 1729 2219 telorum,

118 2244 550 2315 haudquaquam
576 2253 756 2300 tamen
792 2245 911 2301 sine
936 2245 1211 2300 comtuuni
1240 2245 1430 2301 exitio.
1467 2245 1535 2300 Et
1563 2260 1733 2315 prope

114 2342 235 2409 jam
286 2338 644 2395 incubuerant
685 2338 893 2405 Judaei,
926 2350 979 2395 et
1023 2342 1245 2396 nutabat
1291 2341 1439 2396 acies
1484 2357 1730 2410 romana,

119 2434 233 2490 nisi
266 2434 496 2504 cognitis
524 2436 687 2490 rebus
708 2435 1014 2489 advenisset
1046 2435 1198 2489 Titus
1228 2445 1281 2490 et
1316 2449 1607 2490 occurrens
1636 2435 1732 2490 ad-

118 2527 428 2595 versat-iis,
469 2528 798 2583 confirmans
840 2542 970 2583 suos
1014 2537 1321 2598 reparasset
1366 2528 1649 2598 prtelium,
1681 2538 1733 2584 et

120 2620 395 2676 erexisset
420 2620 629 2675 animos
662 2620 915 2685 militum,
949 2620 1234 2690 increpans
1264 2620 1534 2675 Romanas
1565 2620 1729 2687 acies,

121 2714 375 2771 confusae
394 2713 742 2777 multitudini,
763 2729 868 2769 non
888 2713 1005 2769 sine
1026 2713 1271 2768 maxima:
1294 2714 1518 2783 ignavia:
1535 2713 1734 2785 probro

123 2788 417 2862 victoriam
441 2806 652 2862 cedere.
680 2806 1035 2876 Repulsisque
1052 2806 1271 2874 Judaeis,
1297 2806 1389 2877 qui
1411 2806 1571 2861 etiam
1596 2806 1736 2862 valle

121 2900 338 2956 divisos
364 2900 798 2967 insectabantur,
827 2900 894 2954 ad
924 2915 1051 2956 suos
1083 2916 1141 2955 se
1169 2900 1339 2955 victor
1365 2902 1600 2970 recepit;
1649 2916 1737 2955 sc-

123 3006 407 3061 curusque
458 2992 733 3063 suffragii,
773 2990 915 3060 quod
959 2992 1061 3046 loci
1112 2991 1406 3059 superioris
1443 2992 1731 3049 adversum

124 3088 453 3154 inferiores,
482 3088 527 3142 si
556 3096 827 3143 tentarent
857 3086 1145 3158 congredi.
1180 3087 1418 3142 subsidia
1449 3087 1639 3154 dabat,
1667 3088 1735 3143 ad

124 3182 291 3236 aliam
360 3192 567 3251 partem
642 3195 702 3236 se
766 3179 1045 3235 Romanus
1110 3180 1381 3236 exercitus
1444 3181 1732 3236 convertit.

1835 1972 1887 2015 et
1913 1977 2045 2031 quos
2071 1972 2364 2032 potuerunt
2386 1961 2874 2032 comprehendere,
2891 1962 3283 2033 jngulantibus,
3304 1963 3441 2019 alios

1836 2054 1977 2108 ultra
2018 2054 2203 2126 templi
2235 2055 2521 2110 circuitum
2566 2056 3059 2126 persequentibus,
3105 2056 3441 2127 irrumpendi

1834 2143 2027 2200 Joanni
2059 2145 2330 2217 sociisque
2358 2146 2477 2215 ejus
2522 2147 2740 2202 occasio
2781 2146 2924 2201 data.
2971 2146 3112 2201 Ca-si
3148 2148 3255 2203 illic
3285 2149 3439 2206 multi

1834 2238 2124 2303 mortales;
2170 2239 2241 2292 ita
2282 2248 2338 2292 ut
2384 2239 2549 2294 etiam
2588 2239 2678 2308 qui
2720 2254 2828 2293 non
2857 2239 3208 2306 restiterant,
3242 2239 3439 2296 affictis

1834 2331 2012 2387 causis
2029 2331 2298 2401 aliquibus
2314 2332 2692 2402 jugularentur
2710 2351 2723 2385 :
2742 2347 2842 2387 nec
2868 2333 3229 2403 tranquillitas
3248 2333 3443 2404 quietis

1836 2422 2121 2492 proderat,
2156 2440 2257 2478 nec
2290 2423 2566 2478 silentium
2605 2423 2815 2489 tacitis,
2864 2439 2963 2479 nec
3000 2424 3317 2479 cedentibus
3349 2440 3439 2492 pa-

1837 2516 2047 2571 tientia.
2084 2515 2613 2587 Comprehensisque
2652 2516 3001 2571 interioribus
3033 2517 3240 2585 templi,
3272 2515 3435 2570 etiam

1834 2610 2110 2664 Simonem
2138 2609 2463 2679 inquietabat
2490 2608 2727 2663 Joannes
2746 2610 2797 2663 in
2824 2608 3208 2663 secundarium
3232 2608 3435 2674 locum,

1837 2700 2094 2755 Eleazaro
2122 2701 2444 2770 ueterisque
2484 2698 2819 2770 principibus
2851 2698 3101 2754 factionis
3132 2699 3305 2755 tertiae
3331 2698 3434 2756 sibi

1834 2791 2165 2863 subrogatis.

2447 2884 2675 2941 CAPUT
2724 2885 2807 2940 Vl.

1905 2976 2091 3033 Tertio
2116 2992 2331 3049 quoque
2364 2976 2518 3032 Titus
2559 2977 2899 3047 progreditur
2928 2976 2981 3031 in
3013 2978 3251 3043 hostem,
3280 2986 3441 3048 atque

1836 3068 2136 3124 exercitum
2172 3068 2439 3138 producit.
2477 3070 2895 3139 Adveniensquc
2923 3068 3156 3123 offendit
3185 3071 3437 3140 stipatam

1836 3162 2147 3219 Judteorum
2181 3173 2308 3219 ante
2334 3163 2522 3218 urbem
2555 3163 2992 3229 multitudinem,
3035 3163 3215 3233 specie
3246 3162 3439 3218 volen-

124 3272 151 3311 δ
180 3273 508 3328 Diseedente
550 3271 764 3327 Cmsare
802 3270 1095 3326 infundunt
1132 3288 1191 3327 sc
1227 3271 1294 3327 de
1334 3273 1505 3327 muris
1534 3272 1727 3335 Judaei,

1839 3258 1968 3312 tium
1999 3272 2059 3312 se
2086 3258 2346 3313 Romanis
2372 3257 2603 3322 tradere,
2637 3258 2732 3311 sed
2763 3259 2913 3327 quasi
2946 3256 3438 3313 reformidantiutn.

125 3378 181 3421 et
204 3366 410 3437 ingenti
444 3366 656 3435 agmine
678 3379 841 3436 super
868 3366 1073 3419 hostem
1102 3364 1314 3419 irruunt
1348 3381 1361 3417 :
1395 3364 1466 3417 ita
1496 3373 1553 3417 ut
1576 3363 1733 3418 innu-

126 3474 299 3514 merae
328 3472 593 3513 concursu
617 3456 1005 3518 multitudinis.
1034 3455 1233 3511 milites
1264 3455 1528 3526 fugerent,
1558 3470 1619 3510 ac
1646 3470 1733 3510 se-

124 3568 184 3608 se
213 3552 286 3607 ad
320 3552 584 3607 montium
610 3553 923 3607 conferrent
948 3550 1227 3621 superiora
1262 3568 1274 3604 ε
1310 3549 1510 3605 nudato
1538 3551 1728 3614 latere,

124 3644 297 3699 etiam
336 3643 524 3699 carteri
571 3643 662 3714 qui
702 3644 945 3714 prxlium
976 3641 1235 3707 mallent,
1274 3644 1475 3713 fugere.
1519 3642 1731 3699 Interea

126 3734 382 3792 Ctesarin
404 3735 581 3792 medio
608 3747 627 3773 ε
658 3736 839 3807 populi
864 3733 1020 3799 situs,
1056 3734 1333 3788 orantibus
1363 3732 1636 3803 plerisque
1662 3748 1731 3789 ne

125 3844 185 3885 se
215 3828 479 3900 periculis
509 3828 692 3895 daret,
722 3839 882 3899 atque
910 3832 1157 3883 exercitu
1190 3826 1437 3897 disperso
1464 3842 1729 3880 summam

127 3922 353 3992 periculi
377 3922 528 3977 solus
549 3922 779 3985 subiret,
805 3936 927 3975 cum
950 3920 1200 3975 dominus
1222 3929 1365 3974 esset
1391 3919 1534 3973 orbis
1564 3929 1732 3973 terra-

127 4029 245 4068 rum
298 4013 429 4085 (non
458 4014 602 4069 enim
634 4024 690 4067 ut
720 4021 880 4079 ante,
911 4013 1025 4067 vice
1067 4013 1251 4067 militis
1291 4018 1587 4080 pugnaret,
1635 4009 1729 4065 sed

127 4104 498 4176 imperatoris,
532 4106 585 4160 in
610 4105 763 4173 cujus
790 4104 1030 4174 periculo
1059 4103 1321 4172 pernicies
1345 4111 1491 4158 esset
1515 4102 1733 4155 univer-

126 4196 339 4267 serum)
368 4212 474 4251 non
504 4197 771 4266 acquievit
795 4212 809 4261 ;
855 4196 948 4251 sed
984 4195 1193 4249 militia:
1216 4194 1379 4250 decus
1408 4207 1731 4263 prmponens

127 4289 319 4354 saluti,
344 4288 486 4359 apud
509 4304 669 4359 quem
691 4287 925 4358 gloriosa
956 4301 1102 4342 mors
1127 4289 1249 4341 vita:
1274 4285 1565 4355 opprobrio
1588 4300 1726 4355 pra:-

129 4380 488 4449 ponderaret,
523 4383 813 4435 adversum
848 4389 1035 4449 pectus
1065 4378 1309 4433 hostibus
1337 4380 1534 4442 refert,
1570 4379 1729 4433 terri-

129 4471 307 4543 tisqne
334 4488 470 4543 quos
496 4473 784 4527 adversum
816 4472 983 4536 ierat,
1024 4471 1075 4524 in
1114 4470 1252 4525 alios
1281 4485 1401 4525 sese
1430 4479 1723 4539 retorquet.

129 4563 255 4619 Sola
294 4568 439 4621 enim
470 4563 497 4602 ιι
526 4580 622 4636 spe
651 4565 733 4619 sui
766 4572 823 4620 et
853 4564 1011 4618 nimis
1043 4571 1185 4617 nota:
1208 4573 1367 4633 atque
1396 4563 1591 4616 alacris
1619 4562 1731 4617 for—

1837 3348 2154 3419 Suspicatus
2205 3349 2430 3415 dolum,
2479 3359 2534 3405 et
2579 3350 2847 3414 maxime,
2893 3348 3147 3419 quoniam
3190 3348 3442 3419 proxime

1834 3442 2177 3510 conspiratos
2204 3444 2342 3496 inter
2371 3457 2431 3496 se
2460 3452 2512 3495 et
2545 3442 2855 3511 pertinaces
2881 3440 3088 3494 viderat
3118 3458 3129 3493 :
3159 3457 3263 3495 non
3296 3441 3443 3495 arbi-

1836 3544 2006 3591 tratus
2053 3536 2319 3591 credibile
2369 3535 2551 3589 subito
2597 3544 2868 3598 mutatos,
2915 3533 3193 3588 admonuit
3238 3533 3441 3587 milites

1835 3630 2076 3684 fraudem
2109 3629 2441 3693 cavendam,
2478 3645 2578 3683 nec
2607 3639 2811 3682 temere
2838 3628 2939 3682 nisi
2969 3627 3269 3682 secundum
3300 3643 3441 3696 pra--

1834 3731 2048 3792 ceptum
2078 3738 2256 3784 suum,
2281 3720 2528 3775 conferto
2551 3722 2764 3789 agmine
2793 3720 2963 3772 muris
2990 3720 3437 3787 apprOpinquan-

1833 3815 1959 3868 dum
1990 3830 2003 3866 :
2041 3829 2109 3867 ne
2141 3828 2171 3866 a
2205 3823 2354 3882 tergo
2379 3811 2455 3865 illi
2487 3811 2578 3880 qui
2611 3810 2799 3865 urbem
2828 3811 3034 3879 egressi
3062 3810 3295 3869 ftterant,
3326 3812 3437 3864 cir-

1833 3904 2338 3960 cumfunderentur.
2384 3902 2574 3957 Subito
2601 3901 2669 3955 de
2698 3901 2915 3955 civitate
2948 3901 3214 3970 increpuit
3247 3915 3436 3962 sonus.

1834 4004 1889 4050 et
1930 3994 2173 4065 qum-dam
2220 3994 2419 4049 seditio
2465 3994 2749 4047 dementer
2796 3991 3084 4046 resultavit
3134 4009 3147 4044 :
3202 3991 3435 4046 aliorum

1834 4093 2203 4160 egressionem
2229 4088 2587 4142 voluntariam
2606 4086 2999 4150 simulantium,
3020 4084 3247 4139 aliorum
3272 4085 3432 4139 etiam

1834 4185 2227 4249 resistentium,
2252 4182 2395 4252 quod
2428 4181 2501 4235 illi
2532 4180 2734 4249 aperiri
2765 4179 2868 4233 sibi
2900 4190 3089 4249 portas
3120 4187 3432 4248 poscerent,

1833 4279 1885 4333 hi
1915 4279 2127 4334 clausas
2154 4276 2363 4333 servari
2394 4276 2646 4345 juberent
2687 4291 2699 4325 :
2734 4272 2823 4326 alii
2852 4273 3051 4327 bellum
3073 4312 3086 4335 .
3123 4272 3209 4325 alii
3241 4286 3426 4340 pacem

1832 4381 2104 4444 optarent.
2148 4372 2375 4426 Militum
2411 4370 2608 4439 vulgus
2641 4368 2705 4421 atl
2746 4366 3172 4421 subveniendum
3206 4368 3290 4421 bis
3329 4368 3420 4436 qui

1830 4465 2104 4521 subveniri
2132 4464 2233 4519 sibi
2257 4463 2325 4517 de
2344 4464 2511 4516 muris
2540 4461 2989 4532 postulavissent,
3012 4461 3241 4530 proripit
3266 4476 3388 4515 sese
3414 4479 3426 4515 :

1830 4560 2183 4631 egrediuntur
2227 4559 2473 4629 plerique
2503 4557 2850 4629 prter-optim,
2885 4558 3005 4610 sine
3043 4554 3271 4620 ordine,
3308 4555 3428 4610 sine

132 4658 378 4713 titudinis
399 4658 569 4729 gloria
599 4657 955 4729 perturbabat
982 4656 1219 4711 hostem.
1249 4654 1527 4710 Cedebant
1549 4656 1729 4724 itaque
1756 4641 1809 4701 D
1836 4655 1947 4709 ullo
1976 4653 2137 4708 modo
2178 4662 2447 4722 tamquam
2495 4650 2772 4705 occursuri
2814 4649 3232 4703 advenientibus
3272 4657 3436 4719 atque

131 4764 266 4819 quos
299 4759 634 4816 accesserat,
676 4750 773 4805 sed
817 4765 883 4805 ex
915 4748 1037 4803 aliis
1085 4748 1328 4819 partibus
1356 4747 1528 4802 Judaei
1560 4748 1730 4815 magis

134 4846 411 4915 magisque
453 4842 879 4899 infundebantur
911 4861 923 4896 :
950 4858 1014 4897 ac
1054 4856 1191 4911 pene
1228 4841 1605 4896 concluserant
1634 4839 1729 4893 Τίο

135 4947 278 5005 tum,
316 4940 419 4995 nisi
448 4940 572 5009 quia
605 4938 851 5009 plerique
894 4937 1125 4992 militum
1165 4936 1411 4990 videntes
1458 4936 1509 4989 in
1551 4934 1732 4989 medio

134 5030 258 5087 belli
283 5032 490 5088 versari
510 5029 802 5097 Caesarem,
826 5030 1301 5085 conclamaverunt
1325 5028 1538 5082 caeteris
1567 5027 1732 5096 signi-

138 5125 388 5190 ficantes,
421 5124 764 5195 imperatoris
795 5123 962 5176 filium
998 5120 1253 5191 periculis
1282 5135 1388 5174 non
1421 5120 1730 5189 relinquen-

136 5216 281 5273 dum.
322 5219 413 5273 Sic
456 5218 740 5272 universos
790 5215 1067 5270 revocavit
1110 5213 1280 5282 pudor
1313 5222 1475 5282 atque
1503 5212 1731 5265 armavit

139 5319 311 5365 metus
337 5352 351 5377 ,
388 5326 455 5365 ne
491 5309 695 5364 deserti
745 5307 976 5362 Ctesaris
1023 5306 1314 5375 ignominia
1364 5305 1728 5358 inurerentur.

137 5398 503 5472 Conversiqne
539 5402 592 5455 in
629 5400 846 5455 Judazos
867 5440 882 5465 ,
915 5400 1033 5452 nisu
1060 5398 1204 5451 omni
1230 5411 1291 5449 ac
1326 5396 1525 5449 virtute
1548 5395 1733 5448 incon-

140 5492 303 5547 ditam
337 5493 740 5549 multitudinem
772 5492 824 5545 in
848 5491 1043 5546 vallem
1078 5487 1361 5557 urgebant,
1394 5500 1493 5541 nec
1514 5484 1734 5542 difﬁcile

141 5584 235 5641 fuit
256 5587 612 5643 ascendentes
632 5584 822 5641 relabi.
850 5583 939 5642 Sic
960 5580 1113 5638 Titus
1133 5579 1426 5653 fugientem
1448 5592 1733 5635 numerum

213 5736 236 5763 α
277 5725 425 5779 Nixi.
460 5724 627 5779 ΒΑκιι.

212 5794 236 5833 ⁸³
278 5794 648 5851 Descendenle.
678 5791 759 5855 In.

219 5880 239 5899 --
278 5842 826 5927 λῖῗᾶέἑέῐὺῦίῖδὶα.
859 5842 935 5922 ιο.

1836 4745 2096 4799 auxilium
2127 4744 2307 4810 laturi,
2339 4751 2400 4797 ut
2426 4744 2679 4813 propiore
2710 4742 2952 4796 remedio
2976 4740 3218 4805 pluribus
3249 4756 3433 4796 erum-

1837 4838 1999 4910 pendi
2015 4837 2342 4893 coulidentia
2362 4836 2713 4900 tribueretur,
2734 4836 2814 4888 vel
2834 4834 3214 4889 resistentibus
3238 4842 3435 4901 metus,

1835 4941 1926 4986 aut
1953 4931 2094 4984 inter
2118 4930 2447 4983 reluctantes
2478 4926 2797 4996 erumpendi
2831 4925 2933 4981 sibi
2961 4925 3139 4995 Copia.
3173 4924 3378 4991 Quibus
3407 4940 3436 4979 a

1834 5038 1895 5078 se
1936 5031 2090 5092 tergo
2128 5018 2566 5075 circumfundere
2597 5027 2880 5088 coeperunt
2914 5018 3006 5087 qui
3039 5017 3170 5071 foris
3199 5017 3435 5081 stabant,

1836 5129 2033 5184 urgere
2052 5113 2457 5168 circumventos
2481 5127 2494 5163 :
2520 5110 2599 5164 illi
2621 5110 2771 5180 quasi
2789 5109 2855 5163 ad
2884 5123 3095 5163 murum
3120 5108 3435 5179 confugere,

1839 5207 1969 5262 nihil
1996 5217 2371 5277 suspectantes
2400 5206 2468 5259 ab
2500 5204 2616 5268 his,
2649 5206 2737 5274 qui
2786 5218 2973 5273 pacem
3010 5203 3433 5273 przetcnderent.

1836 5300 1966 5355 lude
1994 5316 2211 5370 quoque
2236 5314 2384 5363 saxa,
2419 5306 2473 5351 et
2502 5298 2606 5351 tela
2639 5306 2661 5331 ο
2695 5296 2863 5364 injici,
2892 5304 2943 5347 et
2969 5297 3149 5349 subito
3180 5295 3301 5349 licta
3334 5309 3435 5363 pax

1836 5394 1889 5449 in
1922 5394 2166 5463 praelium
2196 5408 2355 5447 versa
2383 5400 2485 5445 est.
2528 5388 2680 5444 Unde
2703 5387 2903 5443 conciti
2943 5387 2994 5441 in
3036 5386 3220 5440 hostes
3250 5400 3434 5439 recur-

1835 5498 1997 5554 rttnt,
2030 5488 2121 5557 qui
2164 5488 2268 5543 etsi
2310 5486 2707 5541 circumvenire
2746 5491 3085 5537 tcntavcrant
3118 5494 3436 5550 progressus

1836 5580 2069 5636 militum
2098 5580 2504 5643 Romanorum;
2549 5586 2729 5631 tamen
2762 5574 3073 5630 metuebant
3101 5580 3153 5627 et
3184 5568 3319 5643 ipsi,
3362 5584 3431 5625 ne

1900 5719 1928 5756 ἀ
1968 5719 2176 5786 Specie.
2211 5718 2285 5775 In.

1907 5801 1929 5829 ε
1969 5788 2158 5863 Dejici.
2191 5791 2360 5850 Bann.
