3948 6312
508 315 652 374 2159

1863 317 2108 378 SANCTI
2149 318 2472 382 MIBBOSII

3687 324 3824 381 Elin

510 434 580 483 ab
637 429 781 484 otnui
830 430 1074 485 exercitu
1127 429 1674 485 circumvenirentur.
1746 429 1928 501 itaque
1981 429 2109 486 dum
2137 433 2187 492 Α
2217 430 2411 485 citibns
2443 430 2720 500 praeliarcs
2753 433 2936 504 lapsus
2969 433 3162 492 futurae
3192 433 3219 474 δ
3266 437 3478 492 virtutis
3510 451 3709 492 causas
3733 438 3824 492 dc-

512 522 797 577 universos
836 530 1064 585 cavent,
1092 520 1190 574 hos
1232 520 1476 591 plurimis
1507 520 1633 576 licet
1673 521 1985 577 vulneribus
2014 521 2115 576 im-

514 617 740 688 pressis,
772 626 824 670 et
857 616 958 686 ipsi
988 615 1195 684 majore
1220 630 1285 670 ex
1316 626 1467 686 parte
1495 616 1684 682 saucii,
1718 630 1884 687 prope
1905 615 1973 672 de
2003 631 2118 671 ma-

516 709 674 764 nibus
720 710 995 775 amisere,
1033 724 1170 778 quos
1216 709 1326 780 jam
1372 720 1560 779 captos
1610 709 1888 780 putabant.
1936 710 2118 766 Secuti

517 813 695 856 tamen
735 816 906 870 usque
933 801 999 856 ad
1031 802 1249 857 Helenae
1296 803 1631 872 sepulcrum,
1667 803 1805 857 sicut
1837 803 2006 857 moris
2037 811 2122 859 est

517 893 906 949 insultantibus
932 895 1139 967 clypeis
1161 896 1585 964 concrepabant,
1611 895 1898 951 illudentes
1922 895 2119 949 Roma-

518 985 601 1040 nis
626 986 770 1058 qund
802 1002 898 1042 eos
922 987 1031 1059 jam
1063 988 1306 1044 secundo
1334 988 1546 1043 insidiis
1570 987 2079 1045 circumvenis-sent.

1129 1081 1356 1137 CAPUT
1402 1081 1511 1137 VII.

589 1171 772 1229 Caesar
829 1174 1157 1229 commotior
1213 1173 1581 1244 regredientes
1633 1173 1847 1229 misceri
1907 1175 2121 1232 caeteris

519 1277 698 1332 vetat,
736 1275 790 1321 et
827 1268 1150 1322 concionem
1194 1267 1458 1332 advocat,
1499 1265 1686 1321 dicens
1726 1266 1956 1338 :Magna
1997 1283 2118 1322 cum

520 1361 591 1415 sit
631 1361 802 1414 virtus
838 1359 1082 1414 Romana
1106 1401 1121 1425 ,
1165 1369 1428 1429 praestans
1471 1359 1840 1414 universarum
1880 1359 2118 1430 gentium

521 1455 774 1525 pepulis;
828 1453 1062 1508 maxime
1118 1464 1296 1508 tamen
1343 1470 1405 1507 ea
1457 1453 1716 1523 praecedit
1750 1452 2121 1524 dispositionis

521 1549 711 1603 ordine
752 1558 806 1603 et
862 1557 1254 1617 praeceptorum
1308 1546 1614 1602 obedientia
1666 1564 1678 1600 :
1730 1562 1791 1602 ea
1838 1556 1921 1602 est
1970 1547 2118 1602 enim

521 1642 823 1712 disciplinae
870 1642 1120 1697 militaris
1169 1643 1437 1696 custodia.
1487 1642 1596 1698 Nec
1635 1643 1827 1697 mirum
1861 1643 1904 1697 si
1947 1642 2119 1698 Judaei

522 1735 678 1790 dolos
708 1734 974 1800 intexant,
1005 1734 1224 1789 fraudes
1253 1743 1468 1789 struant
1503 1753 1515 1788 :
1547 1735 1637 1806 qui
1663 1750 1722 1789 se
1748 1735 1987 1805 judicent
2019 1735 2121 1790 imo

2217 525 2438 581 didissc.

2821 617 3050 676 CAPUT
3094 621 3225 678 VIII.

2292 710 2425 766 Post
2454 711 2571 768 haec
2600 711 2754 768 Titus
2783 713 2836 768 in
2867 715 3080 770 hostem
3108 715 3243 771 iram
3277 720 3586 787 convertit,
3615 729 3674 776 et
3696 734 3825 776 con-

2220 802 2469 858 siderans
2521 804 2662 859 inter
2710 815 2787 860 tot
2830 808 3148 877 praecipitia,
3181 818 3259 863 tot
3290 823 3568 880 praerupta
3603 813 3826 881 pericu-

2222 893 2394 949 losam
2445 896 2788 953 obsidionem
2825 916 2838 950 :
2874 913 2996 953 cum
3067 903 3368 970 repentinis
3428 904 3827 974 irruptionibus

2222 991 2514 1060 pratventi,
2548 1007 2654 1047 non
2689 991 2952 1048 baberent
2996 992 3233 1058 milites,
3263 1011 3370 1066 quo
3413 996 3684 1054 referrent
3706 1015 3830 1068 gra-

2222 1082 2373 1147 dum,
2419 1083 2563 1138 unde
2593 1098 2654 1138 se
2687 1084 2737 1138 in
2770 1084 2978 1138 hostem
3014 1086 3386 1156 proriperent,
3417 1088 3510 1144 ubi
3543 1091 3828 1146 machinas

2221 1175 2646 1239 Constituerent;
2674 1175 2833 1245 jubet
2862 1176 3064 1244 repleri
3095 1188 3220 1232 ante
3250 1179 3441 1234 urbem
3481 1181 3781 1250 praecipitia
3810 1200 3823 1235 :

2222 1283 2344 1339 quae
2393 1284 2512 1324 cuin
2560 1269 2792 1334 fierent,
2844 1284 2945 1324 nec
2985 1271 3064 1325 sic
3113 1270 3329 1339 quidem
3380 1272 3557 1328 Judaei
3581 1285 3828 1330 exsortes

2223 1369 2379 1414 erant
2435 1361 2782 1428 praesentium
2835 1361 3227 1431 periculorum.
3277 1363 3701 1420 Afflictabant-ir
3728 1365 3829 1419 do-

2224 1451 2450 1506 mestico
2480 1453 2692 1522 praelio,
2717 1469 2837 1508 cum
2865 1453 3096 1508 Romani
3125 1456 3176 1508 in
3209 1455 3487 1524 replendis
3511 1457 3828 1526 praecipitiis

2222 1557 2638 1614 occuparentur.
2678 1545 2788 1601 Nec
2817 1544 3017 1616 exigua
3071 1562 3261 1602 manus
3311 1550 3480 1617 partis
3531 1549 3822 1616 IIII‘IHStllle

2223 1635 2410 1691 decem
2463 1639 2626 1691 millia
2679 1653 2801 1692 cum
2852 1637 3076 1694 Simone
3124 1649 3312 1706 erant,
3341 1640 3826 1711 etquinquaginta

2223 1745 2410 1784 eorum
2458 1729 2626 1785 duces
2661 1747 2674 1783 :
2707 1730 2926 1786 Idumaei
2975 1747 3191 1802 quoque
3219 1733 3284 1785 ad
3317 1733 3562 1803 quinque
3615 1733 3782 1786 millia
3808 1776 3823 1799 ,

524 1843 680 1899 pares
709 1826 1048 1882 fortitudine.
1081 1827 1187 1882 Sed
1219 1836 1276 1881 ut
1301 1827 1620 1882 inferiorum
1650 1838 1734 1882 est
1761 1827 1856 1882 niti
1887 1829 2117 1894 insidiis,
2150 1820 2196 1880 Β
2225 1823 2463 1878 Simonis
2512 1822 2758 1893 partibus
2806 1824 3249 1894 astipulabautur
3273 1866 3288 1892 ,
3337 1825 3536 1895 quibus
3596 1835 3827 1895 praeerat

523 1923 601 1973 sic
623 1918 905 1974 fortiorum
948 1933 1143 1974 cavere
1177 1934 1244 1974 ne
1270 1920 1452 1974 virtuti
1483 1919 1671 1974 illudat
1714 1919 1891 1974 dolus.
1938 1919 2116 1974 Mirari

527 2011 706 2080 itaque
733 2025 824 2082 se,
857 2010 1000 2078 quod
1031 2011 1107 2064 illi
1139 2011 1188 2064 iu
1217 2010 1597 2082 desperatione
1639 2011 1739 2065 sibi
1775 2022 2071 2082 congruant
2103 2029 2114 2062 :

527 2102 784 2158 Romanis
801 2118 908 2156 non
932 2102 1219 2156 conveniat
1245 2101 1296 2156 iti
1321 2101 1604 2157 meliorum
1628 2117 1884 2172 processu
1910 2119 1924 2156 :
1949 2117 2122 2171 eoque

529 2195 680 2258 tieri,
714 2204 772 2249 ut
805 2196 910 2250 illis
947 2194 1174 2250 effectus
1204 2195 1406 2250 fraudis
1437 2197 1487 2250 in
1519 2196 1658 2251 vado
1686 2197 1794 2261 sit,
1827 2197 1982 2250 nobis
2013 2197 2123 2251 vir-

528 2289 657 2342 tutis
678 2297 906 2342 conatus
933 2287 986 2342 in
1018 2288 1290 2359 ambiguo.
1320 2287 1472 2356 Quod
1502 2289 1548 2344 si
1583 2287 1808 2343 validior
1833 2298 1977 2343 esset
2009 2288 2120 2343 for-

527 2379 702 2434 titudo
748 2379 982 2436 hostium
1013 2395 1172 2450 quam
1204 2380 1353 2436 fraus
1375 2424 1388 2444 ,
1420 2383 1661 2450 superari
1691 2384 1867 2437 minus
1898 2381 2126 2451 flagitio—

528 2485 668 2524 sum.
704 2473 744 2525 Α
778 2472 996 2540 paribus
1024 2473 1165 2527 enim
1196 2483 1289 2527 aut
1322 2472 1635 2529 fortioribus
1666 2473 1805 2529 vinci
1829 2474 2124 2545 opprobrio

528 2572 701 2616 vacat.
752 2565 887 2619 Cum
917 2580 1045 2618 vero
1088 2564 1217 2619 nihil
1261 2565 1314 2620 in
1355 2565 1509 2620 nobis
1555 2565 1834 2632 offendat,
1879 2567 1980 2620 nisi
2009 2567 2124 2621 sola

528 2654 797 2724 pugnandi
844 2656 1264 2722 immoderatio,
1317 2669 1371 2713 et
1400 2668 1423 2694 ιι
1455 2659 1960 2728 ριὀρτίίιδςίιυωιίωιι
2010 2676 2125 2714 ma-

530 2762 692 2798 ntmm
717 2746 1149 2817 intemperantia,
1179 2749 1307 2818 quid
1335 2753 1558 2821 nequius
1585 2761 1761 2821 potest
1789 2765 1932 2818 esse,
1961 2767 2122 2822 quam

531 2849 800 2906 praesente
853 2839 1068 2895 Caesare
1127 2841 1469 2911 disciplinam
1545 2844 1814 2913 repudiari
1869 2844 2124 2900 militiae?

533 2934 756 2988 Multum
805 2935 1036 2990 arbitror
1085 2936 1231 3006 ipsas
1292 2937 1649 3008 ingemiscere
1702 2939 1907 2994 militiae
1956 2939 2118 3008 leges,

531 3039 697 3084 tautae
739 3029 1110 3083 dissolutionis
1161 3029 1363 3100 ﬂagitio
1397 3049 1408 3082 :
1441 3033 1665 3085 multum
1715 3032 2122 3101 imperatorem,

530 3138 650 3176 cum
683 3123 796 3176 hare
822 3121 1187 3190 compererit,
1221 3123 1310 3192 qui
1346 3137 1561 3192 semper
1595 3123 1766 3177 audiri
1797 3139 1857 3180 se
1886 3139 1914 3176 a
1952 3124 2122 3179 milite

2220 1915 2456 1972 Jacobus
2501 1926 2554 1970 et
2600 1917 2787 1972 Simon
2819 1915 3028 1986 junior.
3063 1916 3302 1972 Joannes
3331 1927 3513 1972 autem
3551 1917 3828 1972 interiori-

2223 2009 2324 2064 bus
2355 2010 2538 2078 templi
2573 2008 2659 2081 (ea
2691 2007 2883 2064 fraude
2913 2026 3015 2079 qua
3042 2026 3203 2078 supra
3233 2009 3495 2077 diximus)
3524 2010 3826 2078 oceupatis,

2223 2115 2322 2156 Sex
2377 2100 2616 2154 millibus
2660 2109 2995 2154 armatorum
3042 2104 3295 2169 stipatus,
3327 2101 3531 2154 bellum
3564 2099 3827 2154 accendcv

2224 2192 2343 2248 bat.
2394 2191 2659 2260 Adjuucta
2704 2200 2828 2246 sunt
2857 2191 2904 2246 ei
2935 2192 3100 2247 etiam
3150 2191 3260 2247 duo
3301 2193 3489 2258 tuillia,
3539 2207 3664 2246 cum
3708 2193 3828 2245 aliis

2223 2285 2636 2356 quadringentis
2665 2286 2796 2339 viris
2826 2297 3016 2356 postea
3046 2301 3206 2356 quam
3237 2287 3388 2340 coire
3414 2300 3634 2356 cmpere
3660 2326 3676 2352 ,
3710 2294 3823 2338 stu-

2225 2378 2331 2432 diis
2375 2376 2794 2432 concinentibus
2823 2377 2888 2431 ad
2924 2378 3073 2432 urbis
3117 2375 3491 2432 defensionem
3515 2417 3530 2443 ,
3568 2375 3825 2430 Eleazar-0

2227 2483 2283 2528 et
2313 2472 2537 2527 Simone
2566 2471 2716 2526 Arim
2745 2513 2758 2536 ,
2791 2471 2989 2541 quibus
3015 2479 3071 2526 et
3097 2477 3221 2526 ante
3253 2470 3576 2534 utebantur,
3605 2470 3822 2523 rectori-

2225 2566 2349 2621 bus.
2395 2563 2606 2632 Quibus
2658 2563 2996 2618 certantibus
3047 2563 3190 2618 inter
3237 2577 3331 2629 se,
3378 2563 3555 2632 praeda
3610 2570 3725 2616 erat
3772 2561 3823 2614 in

2227 2658 2406 2714 medio
2461 2659 2691 2728 populus
2734 2673 2925 2712 eorum
2973 2656 3065 2727 qui
3115 2657 3394 2722 vicerant,
3425 2665 3481 2710 et
3509 2657 3658 2725 quasi
3693 2671 3823 2725 ιιι-ιδ

2229 2755 2394 2808 mium
2427 2752 2761 2816 certaminis,
2801 2753 2904 2806 huc
2935 2761 3098 2822 atque
3141 2751 3270 2806 illuc
3312 2766 3411 2820 pro
3440 2759 3639 2804 eventu
3680 2752 3824 2804 vario

2229 2844 2675 2900 transferebatur.
2702 2842 2985 2913 Paulisper
3015 2844 3156 2897 inter
3187 2858 3244 2895 se
3275 2850 3646 2896 convenerant
3676 2855 3825 2894 more

2227 2940 2590 3007 induciatutu,
2633 2951 2687 2994 et
2739 2938 2806 2992 ad
2861 2939 3093 3008 primum
3150 2936 3512 2990 [{otitanorum
3568 2935 3823 3003 impetum

2226 3032 2631 3104 expergelacti,
2686 3031 2736 3085 in
2786 3039 3026 3085 veterem
3083 3028 3330 3083 morbum
3381 3027 3549 3081 febris
3601 3026 3827 3080 intentae

2230 3128 2389 3195 aegris
2418 3123 2720 3179 visceribus
2751 3123 3065 3178 recidebant
3097 3139 3108 3174 :
3145 3121 3233 3176 tibi
3278 3119 3561 3175 remissior
3591 3131 3704 3174 erat
3737 3135 3828 3174 ex-

533 3228 655 3279 suo,
685 3229 842 3282 quam
875 3213 1053 3268 timeri
1085 3213 1152 3268 ab
1181 3212 1339 3270 boste
1381 3215 1587 3270 maluit.
1630 3215 1947 3271 Obedientia
1981 3218 2125 3273 enim
2153 3198 2198 3259 ί)
2235 3221 2495 3274 teriormn
2542 3217 2854 3272 morborum
2881 3217 3145 3271 accessio.
3178 3213 3332 3269 Foris
3363 3223 3482 3268 erat
3512 3215 3828 3284 plerumque

533 3305 718 3359 militis
767 3304 1020 3359 effectum
1083 3313 1373 3376 properat;
1433 3317 1608 3361 metus
1659 3307 1893 3362 hostium
1944 3309 2131 3364 differt

532 3396 837 3450 victoriam.
865 3397 1002 3464 Quid
1029 3397 1396 3467 judicaturum
1427 3399 1492 3454 de
1525 3399 1635 3455 filio
1664 3410 1870 3469 patrem
1902 3403 2125 3473 putatis,

532 3490 690 3558 Cujus
723 3500 827 3542 tam
857 3489 962 3543 vile
992 3491 1275 3561 imperium
1320 3493 1391 3546 sit
1431 3493 1572 3562 apud
1613 3495 1952 3550 exercitum?
1995 3495 2130 3549 I’t'o-

534 3579 808 3634 mmtiatur
823 3580 968 3635 enim
987 3580 1051 3635 de
1069 3582 1226 3646 duce,
1245 3583 1397 3653 cujus
1418 3596 1743 3654 praeceptum
1771 3585 2126 3641 dissolvitur:

534 3690 634 3728 nec
660 3673 878 3729 dubiutn
907 3677 1048 3746 quod
1078 3678 1276 3746 saepius
1310 3678 1644 3733 vindicatum
1686 3680 1757 3734 sit
1797 3681 1849 3734 iit
1889 3696 2005 3745 ens,
2039 3679 2129 3749 qui

531 3777 718 3822 contra
746 3768 1029 3838 imperium
1056 3772 1106 3824 in
1134 3771 1342 3826 hostem
1368 3773 1741 3841 pugnaverint,
1768 3786 1929 3841 quam
1955 3771 2010 3825 in
2038 3785 2131 3826 eos

531 3860 620 3931 qui
649 3861 946 3917 secundmn
977 3864 1264 3933 imperium
1301 3865 1596 3934 progressi,
1627 3865 1810 3919 virtuti
1841 3865 2127 3920 cesserint.

532 3952 663 4006 Nam
694 3953 902 4024 legibus
923 3954 1221 4024 egredienti
1242 3955 1486 4011 ordinem
1519 3959 1829 4027 praescripta
1855 3973 2002 4014 mors
2023 3969 2126 4014 est.

533 4046 669 4114 Quid
702 4047 862 4116 igitur
895 4049 1154 4112 futurum,
1188 4050 1275 4104 tibi
1309 4067 1413 4104 non
1449 4067 1608 4117 unus,
1632 4051 1724 4107 sed
1747 4055 1949 4122 passim
1976 4069 2133 4108 exer-

535 4139 673 4194 citus
724 4142 982 4208 relinquit
1028 4142 1276 4198 ordinem
1327 4159 1526 4210 suum,
1567 4153 1622 4199 et
1673 4153 1934 4199 statutum
1979 4147 2133 4202 ducis

537 4231 794 4302 negligit?
823 4229 1147 4300 Cognoscite
1169 4250 1265 4290 vos
1291 4237 1490 4290 milites
1506 4251 1626 4292 esse
1646 4237 1872 4292 Romani
1894 4239 2130 4308 imperii,

539 4322 732 4392 plebis,
767 4336 1008 4392 senatus,
1041 4326 1182 4395 apud
1207 4342 1345 4398 quos
1374 4329 1492 4384 sine
1526 4330 1780 4399 praecepti
1811 4333 2134 4388 auctoritate

535 4427 587 4470 et
613 4417 806 4471 vicisse
829 4419 1032 4473 crimen
1059 4429 1162 4474 est.
1208 4420 1524 4491 Hujusmodi
1566 4424 1812 4478 oratione
1840 4428 2136 4493 perterruit

539 4525 646 4563 non
671 4508 845 4564 solum
875 4513 1196 4582 praepositos
1225 4514 1480 4580 militum,
1511 4515 1604 4571 sed
1633 4516 1796 4570 etiam
1821 4518 2130 4573 universum

2232 3312 2470 3377 bellum,
2504 3313 2648 3364 intus
2688 3310 2920 3377 seditio,
2951 3323 3021 3363 eo
3044 3309 3154 3379 jam
3188 3309 3430 3378 gravior,
3469 3306 3594 3376 quia
3631 3315 3686 3360 et
3719 3307 3827 3374 ipsa

2231 3405 2427 3460 seditio
2460 3404 2607 3460 bello
2635 3403 2899 3466 alebatur,
2935 3412 2990 3457 et
3021 3400 3222 3456 bellum
3260 3399 3459 3454 alebat.
3493 3399 3610 3454 Duo
3637 3401 3704 3452 de
3741 3415 3831 3468 po-

2233 3499 2398 3553 tentia
2447 3496 2729 3551 certabant
2755 3495 3033 3568 :gipulus
3078 3495 3218 3548 inter
3265 3500 3554 3562 utrumque
3579 3532 3594 3558 ,
3627 3506 3732 3544 nou
3765 3489 3829 3544 de

2231 3590 2493 3644 servitute
2521 3589 2716 3642 anxius
2755 3596 2893 3652 erat,
2939 3587 3034 3640 sed
3068 3600 3135 3640 ne
3163 3583 3231 3639 ad
3264 3583 3546 3638 dominqu
3593 3582 3828 3636 deterio-

2233 3698 2352 3739 rem
2387 3681 2716 3754 perveniret.

2842 3771 3071 3829 CAPUT
3121 3771 3187 3828 IX
3200 3810 3214 3825 .

2308 3867 2504 3924 Urbem
2538 3866 2976 3938 Hierosolymam
3015 3866 3443 3921 Chauanaeorum
3493 3864 3713 3935 quidam
3742 3878 3829 3933 po—

2236 3972 2355 4018 tens
2403 3961 2685 4028 condidit,
2715 3963 2806 4032 qui
2857 3962 3033 4032 patrio
3085 3974 3337 4014 sermone
3383 3967 3672 4013 vocaretur
3720 3957 3826 4011 Rex

2228 4053 2407 4124 justus
2431 4095 2445 4118 ,
2477 4069 2636 4124 quam
2684 4055 2859 4124 primo
2901 4054 3181 4126 Solymam
3237 4053 3570 4123 nuncupavit
3604 4071 3616 4105 :
3649 4061 3827 4122 postea

2235 4149 2493 4217 templum
2547 4147 2787 4215 addidit,
2833 4146 2980 4201 uttde
3035 4145 3412 4217 Hierosolyma
3457 4145 3600 4199 dicta
3646 4144 3829 4198 civitas

2233 4250 2336 4292 est.
2373 4238 2446 4293 Ea
2478 4254 2509 4291 a
2551 4238 2818 4310 principio
2871 4253 3000 4293 suos
3054 4238 3262 4293 incolas
3319 4237 3510 4290 habuit
3559 4237 3628 4291 de
3678 4247 3826 4306 gente

2234 4330 2691 4387 Chananzeorum.
2746 4331 2915 4386 David
2957 4332 3166 4402 primus
3206 4332 3288 4385 vir
3321 4331 3582 4385 Hebraeus
3626 4331 3827 4386 Chana-

2236 4442 2383 4481 naeos
2413 4426 2658 4496 expulit,
2689 4426 2968 4480 constituit
2996 4440 3146 4491 suos,
3179 4424 3270 4494 qui
3309 4423 3362 4478 in
3389 4438 3452 4478 ea
3482 4423 3704 4478 dcinum
3732 4422 3825 4476 sibi

2236 4517 2440 4588 regiam
2482 4518 2629 4572 fecit.
2680 4516 2865 4572 Voluit
2907 4526 2957 4570 et
3004 4516 3265 4584 templum
3298 4514 3410 4569 Deo
3436 4514 3716 4577 condere;
3744 4511 3826 4566 sed

539 4603 857 4657 exercitum.
895 4603 1023 4657 Nam
1055 4621 1176 4660 cum
1205 4609 1351 4677 ipsos
1383 4608 1656 4680 principes
1679 4609 1932 4663 ordinum
1957 4611 2131 4666 acrius
2160 4592 2213 4652 D
2239 4609 2544 4678 prohibitus
2591 4611 2837 4675 oraculo,
2888 4609 3238 4664 Salomonem
3286 4607 3560 4662 haeredem
3595 4608 3828 4676 reliquit,

540 4703 784 4764 peteret,
831 4695 1109 4752 videbatur
1153 4714 1344 4753 omnes
1389 4700 1774 4756 vindicaturus.
1810 4698 2133 4758 Circomfusi

539 4789 718 4858 itaque
741 4803 931 4844 omnes
954 4791 1235 4859 rogabant,
1261 4803 1320 4846 ut
1349 4809 1640 4862 paucorum
1671 4794 1826 4865 culpa
1854 4796 1943 4866 qui
1973 4797 2134 4866 primi

540 4880 893 4949 destiterant,
941 4883 1206 4937 universis
1250 4885 1660 4941 concederetur.
1725 4886 1840 4942 Etsi
1890 4903 1996 4942 non
2039 4888 2136 4943 fuit

543 4990 804 5042 properus
830 4976 894 5028 ad
920 4975 1100 5032 delicti
1125 4979 1352 5048 gratiam
1375 4978 1578 5043 Caesar,
1610 4981 1705 5035 fuit
1737 4991 1916 5037 tamen
1945 4997 2138 5038 exora-

541 5065 662 5120 bilis
683 5068 748 5120 ad
775 5069 1179 5139 indulgentiam.
1203 5069 1486 5128 Concessit
1511 5090 1631 5128 cum
1661 5090 1875 5130 summo
1899 5078 2138 5147 pondere

540 5157 726 5212 dicens
759 5176 772 5212 :
806 5160 1010 5216 donare
1038 5175 1098 5216 se
1137 5163 1425 5228 oumibus,
1471 5166 1713 5234 satisque
1757 5168 1809 5220 iti
1853 5168 2138 5225 universos

540 5249 870 5304 vindicatum
903 5251 1228 5307 invectionis
1257 5257 1600 5318 auctoritate,
1633 5271 1700 5310 eo
1728 5258 1867 5320 quod
1897 5260 2140 5315 animad-

543 5342 721 5396 versio
749 5345 800 5395 in
827 5344 1067 5413 singulos
1093 5361 1261 5415 usque
1286 5347 1352 5401 ad
1381 5346 1576 5402 factum
1607 5349 1899 5418 procedere
1924 5351 2136 5419 debeat,

543 5433 594 5488 iii
629 5435 1026 5493 multitudinem
1053 5437 1220 5492 verbo
1243 5450 1418 5506 tenus,
1445 5440 1592 5494 illam
1615 5456 1783 5511 usque
1808 5443 1873 5498 ad
1902 5459 2138 5514 paenam,

543 5528 700 5583 istam
725 5544 892 5599 usque
919 5530 985 5585 ad
1009 5532 1428 5601 correptionem.
1455 5532 1614 5602 Saepe
1634 5535 1781 5590 enim
1810 5535 1967 5592 bonis
1989 5551 2144 5592 exer-

624 5748 652 5850 ἰ
694 5737 1133 5868 exsaniata“.

2237 4702 2328 4772 qui
2383 4703 2639 4772 templqu
2691 4702 2833 4772 quod
2881 4702 2996 4771 ipse
3044 4701 3309 4764 voluerat,
3340 4699 3654 4753 aedificaret.
3688 4698 3833 4752 Salo-

2239 4811 2365 4848 mon
2433 4793 2615 4863 itaque
2677 4793 2936 4863 templum
3010 4792 3261 4847 fundavit
3311 4810 3326 4844 ι
3375 4792 3571 4861 reliqui
3626 4803 3832 4861 quoque

2241 4904 2396 4958 reges
2452 4889 2518 4942 ad
2592 4899 2844 4942 ornatum
2900 4888 3052 4942 urbis
3117 4885 3378 4940 addidere
3443 4885 3699 4954 plurima.
3757 4882 3829 4936 lu-

2241 4980 2382 5034 vidia
2436 4992 2502 5034 ex
2556 4979 2956 5050 magnificentia
3011 4986 3126 5032 orta
3172 4995 3184 5030 :
3232 4978 3373 5031 inter
3428 4977 3610 5030 omnia
3660 4985 3830 5029 tamen

2239 5087 2406 5142 Opera
2454 5072 2714 5140 templum
2765 5070 3118 5142 praecellebat
3169 5068 3512 5140 amplissimo
3566 5082 3756 5136 Opere,
3785 5074 3833 5116 ct

2241 5166 2472 5236 fulgenti
2521 5181 2794 5222 marmore
2827 5183 2840 5222 :
2875 5167 2929 5220 in
2979 5180 3086 5234 quo
3115 5174 3233 5219 erat
3265 5174 3284 5199 ε
3319 5161 3829 5218 deambulatorinm,

2245 5259 2608 5330 peripetasma
2662 5258 2964 5328 pretiosum
2998 5267 3052 5312 et
3084 5257 3405 5321 maximum,
3438 5270 3605 5310 cocco
3633 5263 3687 5308 et
3717 5252 3831 5322 hya-

2242 5353 2430 5409 cintho
2459 5354 2732 5422 bysSOque
2781 5355 3049 5407 intextum
3095 5361 3149 5407 et
3199 5365 3461 5422 purpura.
3505 5347 3622 5402 Non
3670 5348 3827 5400 otiosa

2247 5449 2474 5503 materia
2510 5457 2677 5502 tantae
2707 5444 3076 5512 diversitatis,
3109 5443 3203 5499 sed
3247 5446 3404 5512 cujus
3437 5443 3653 5512 species
3679 5436 3704 5474 ἀ
3731 5452 3828 5491 ma-

2249 5542 2444 5596 teriam
2490 5556 2670 5596 rerqu
2725 5537 3008 5594 latentium
3040 5536 3375 5608 signilicaret
3404 5549 3418 5588 :
3454 5548 3522 5588 eo
3557 5531 3700 5604 quod
3726 5531 3826 5594 ejus

2333 5749 2354 5777 ο
2403 5739 2565 5794 Deest
2589 5738 2703 5792 haec
2727 5752 2832 5792 vox
2865 5735 2918 5789 in
2946 5747 3047 5788 ms.
3080 5731 3155 5790 In.

2337 5809 2365 5850 ἀ
2408 5807 2933 5884 MysteriumJLBamt.
