3948 6360
153 402 282 461 Sil/tl

993 404 1263 461 lllSTOll.
1309 404 1395 460 DE
1436 403 1721 465 EXCIDIO
1756 406 2032 465 HIEROS.
2075 403 2282 463 URBIS
2318 401 2447 459 LIB.
2495 400 2557 457 γ.

3288 401 3350 456 2|
3368 402 3432 459 ﬂ

155 522 293 570 esset
342 513 628 584 templum,
680 515 769 587 qui
821 515 963 572 coelo
1009 524 1064 571 et
1108 517 1245 583 aeri,
1280 523 1443 573 terrae
1483 526 1538 575 et
1582 520 1740 587 mari,
1769 527 1824 586 Α
1851 531 1991 579 ιι·υω
2020 520 2110 578 cui
2139 535 2337 577 nomen
2365 518 2617 577 Antonia:
2645 517 2712 574 ad
2749 518 2944 576 summi
2975 519 3158 590 operis
3195 518 3442 589 magnifi-

154 606 298 677 quasi
323 614 541 661 creator
570 604 966 662 elementorum
994 606 1404 675 dominaretur,
1436 620 1599 680 atque
1625 627 1741 667 om-

155 701 241 753 nia
266 697 415 754 solus
446 710 662 770 regeret
688 708 743 755 et
768 699 1114 770 gubernaret.
1148 698 1326 757 Cocco
1351 702 1497 758 enim
1526 704 1741 775 igneum

155 789 406 846 ctelorum
435 789 724 861 ﬁguratur,
749 788 1044 861 hyacintho
1069 809 1185 859 aer,
1210 794 1375 866 bysso
1406 804 1573 864 terra,
1599 797 1743 869 quod

155 886 206 940 in
236 900 296 941 ea
325 886 565 940 nascitur
598 902 612 941 :
647 901 887 956 purpura
917 902 1097 956 mare,
1127 904 1247 960 qua:
1277 889 1578 963 conchyliis
1623 906 1738 947 ma-

154 978 342 1034 ritimis
386 977 645 1047 inlicitur,
680 990 737 1034 ut
768 978 878 1036 duo
907 996 974 1036 ex
1022 981 1231 1049 colore,
1260 981 1367 1037 duo
1399 997 1466 1038 ex
1509 998 1742 1054 genera-

157 1073 297 1127 tione
345 1072 593 1143 colligas.
645 1071 888 1145 Denique
937 1072 1189 1144 princeps
1238 1074 1584 1130 sacerdotum
1630 1074 1746 1131 haec

157 1175 378 1236 quatuor
444 1164 766 1220 indumento
829 1179 928 1220 suo
994 1166 1303 1235 exprimere
1348 1177 1745 1244 consueverat,

156 1255 362 1326 quando
411 1260 643 1310 maxima
691 1255 985 1312 celebritas
1031 1269 1150 1313 erat
1200 1256 1460 1313 festorum
1509 1259 1744 1327 dierum,

156 1347 302 1417 quasi
345 1352 516 1402 totum
549 1344 814 1402 mundum
845 1347 1116 1415 indueret,
1152 1364 1252 1420 pro
1296 1349 1498 1420 populo
1538 1350 1747 1422 suppli-

156 1450 366 1494 caturus
387 1481 403 1508 ,
439 1440 490 1494 in
523 1440 641 1511 ejus
671 1440 897 1512 ﬁguram
930 1444 1020 1513 qui
1054 1451 1313 1499 venturus
1343 1454 1463 1500 erat
1492 1447 1749 1517 princeps

156 1532 492 1588 sacerdotum
519 1531 705 1598 .lesus,
728 1534 819 1603 qui
850 1533 1066 1589 tolleret
1092 1546 1372 1604 peccatum
1404 1537 1612 1591 mundi.
1647 1535 1750 1593 Fe-

156 1639 297 1679 mora
350 1626 604 1697 princeps
653 1626 1001 1683 sacerdotum
1058 1627 1231 1684 linteo
1289 1628 1523 1687 interius
1569 1631 1752 1702 Operi-

157 1725 333 1773 mento
380 1718 619 1790 tegebat,
650 1736 716 1775 eo
762 1719 907 1790 quod
948 1736 1062 1791 pra:
1107 1720 1322 1777 caeteris
1369 1723 1423 1777 iu
1464 1715 1749 1781 sacerdote

158 1809 286 1865 lidcs
317 1812 517 1867 mentis
559 1813 846 1882 quaeritur,
880 1822 937 1870 et
979 1815 1225 1884 corporis
1256 1816 1579 1872 castimonia
1628 1833 1750 1888 qua:

1846 616 2080 672 centiam
2121 614 2507 679 communivit,
2537 622 2592 669 et
2616 612 2953 684 amplissimo
2979 614 3196 669 ornavit
3223 613 3443 680 decore,

1845 706 2168 762 circumibat
2197 705 2381 762 Czesar
2410 707 2715 774 requirens,
2740 720 2844 776 qua
2875 720 2943 760 ex
2982 712 3138 777 parte
3166 721 3225 761 se
3259 712 3445 775 posset

1845 799 2059 856 facilius
2084 799 2205 855 urbi
2236 799 2543 865 infundere,
2562 800 2916 870 inspectoque
2940 814 3034 868 per
3054 808 3225 855 totum
3248 800 3447 855 circui-

1850 903 1962 948 tum
2011 892 2155 947 nmri
2180 890 2389 947 ambitu
2409 932 2423 955 ,
2453 891 2740 946 aestimavit
2768 892 2820 946 in
2851 878 3083 946 ﬁnitimo
3116 890 3307 946 tumuli
3339 904 3447 960 quo

1848 986 2100 1057 sepultus
2139 984 2354 1055 jacebat
2392 984 2650 1055 princeps
2689 982 3035 1039 sacerdotum
3066 982 3323 1050 Joannes,
3355 982 3453 1040 ad-

1851 1076 2138 1133 oriendam
2191 1077 2551 1133 obsidionem.
2600 1072 2698 1130 Cui
2740 1075 3055 1145 diligentius
3098 1076 3400 1146 exploranti
3430 1116 3447 1143 ,

1850 1172 2139 1228 adhaerens
2188 1186 2328 1227 unus
2369 1186 2436 1226 ex
2471 1170 2664 1226 amicis
2687 1169 2923 1224 Nicanor
2949 1168 3243 1225 Studiosius
3269 1168 3451 1224 inten-

1849 1264 1985 1321 dens
2015 1264 2247 1332 muneri,
2266 1261 2457 1334 sagitta
2481 1275 2771 1332 percussus
2796 1260 2959 1317 cadit.
2989 1259 3221 1331 Propius
3248 1261 3447 1331 quippe

1852 1365 2179 1421 accesserat,
2210 1355 2337 1411 dum
2372 1361 2523 1426 putat
2564 1355 2795 1425 aliquem
2826 1352 3128 1424 profectum
3160 1351 3274 1408 fore
3302 1353 3451 1420 pacis

1850 1448 2068 1515 futurae,
2097 1447 2145 1503 si
2192 1447 2294 1503 sibi
2344 1445 2656 1504 conferendi
2702 1445 2971 1500 sermonis
3015 1444 3240 1500 daretur
3268 1445 3446 1514 copia,

1851 1540 1941 1613 qui
1982 1549 2172 1611 potens
2200 1554 2265 1594 ac
2293 1538 2506 1594 validus
2534 1537 2601 1594 ad
2633 1536 2922 1593 lentandus
2963 1536 3295 1592 audientium
3326 1535 3450 1590 ani-

1853 1649 1972 1691 mos
2016 1632 2406 1690 aestimabatur.
2451 1631 2769 1688 Commotus
2815 1629 3002 1686 Caesar
3028 1672 3043 1697 ,
3085 1629 3230 1700 quod
3275 1630 3323 1686 ei
3359 1629 3450 1699 qui

1853 1729 2109 1786 salutaria
2156 1735 2560 1792 commoneret,
2590 1724 2886 1796 improviso
2945 1724 3173 1779 vulnere
3218 1731 3447 1778 mortem

1855 1821 2262 1892 irrogavissent,
2296 1819 2349 1874 in
2395 1817 2643 1889 prmlium
2689 1817 2833 1889 cogit
2872 1817 3110 1887 agmina,
3143 1814 3455 1884 bellumque

156 1904 472 1976 succingere
495 1904 689 1961 debeat
712 1907 893 1962 carnis
916 1907 1413 1979 intemperantiam.
1444 1910 1558 1966 Duo
1589 1922 1747 1967 erant
1774 1916 1823 1977 Β
1850 1912 2163 1971 accenditur
2169 1911 2319 1982 jactu
2347 1911 2576 1967 telorum
2592 1910 2829 1974 diverso,
2848 1908 3250 1979 missilibusque
3282 1908 3455 1962 maxi-

156 1998 501 2054 tabernacula
529 2013 707 2067 sacra,
733 2016 900 2055 unum
931 2001 1184 2071 interius,
1215 2002 1445 2059 alterum
1471 2005 1746 2061 exterius:

156 2092 206 2147 in
237 2092 336 2148 hoc
370 2107 590 2163 semper
632 2093 935 2150 introibant
962 2095 1279 2151 sacerdotes
1307 2114 1319 2150 :
1353 2097 1404 2151 in
1450 2096 1579 2153 illud
1614 2099 1753 2155 inte-

155 2185 266 2239 rius
312 2185 463 2256 quod
510 2186 813 2241 secundum
857 2186 1252 2257 appellabatur,
1274 2190 1444 2244 semel
1494 2189 1755 2246 introibat

146 2276 530 2332 tantummodo
587 2278 838 2348 princeps
888 2277 1259 2345 sacerdotum,
1305 2294 1412 2333 non
1460 2279 1579 2336 sine
1628 2295 1755 2335 san-

154 2368 330 2440 guine,
377 2385 538 2442 quem
586 2368 812 2426 offerret
856 2386 952 2441 pro
982 2386 1041 2426 se
1083 2382 1138 2427 et
1168 2386 1267 2442 pro
1299 2372 1483 2444 populi
1528 2372 1751 2430 delicto.

158 2461 266 2518 lloc
308 2460 656 2534 signiﬁcante
702 2462 910 2536 Spiritu
956 2475 1171 2530 sancto,
1204 2474 1493 2520 venturum
1543 2465 1752 2534 Jesum,

156 2553 241 2623 qui
268 2560 406 2610 vere
432 2548 583 2613 solus
612 2554 849 2611 intraret
875 2555 1133 2612 interiora
1166 2556 1472 2613 divinorum
1506 2569 1756 2629 penetra-

156 2644 222 2699 lia
267 2656 777 2714 sacramentorum,
804 2652 861 2703 et
906 2663 1105 2704 arcana
1152 2649 1471 2706 substantiae
1514 2651 1758 2707 caelestis

157 2741 242 2810 qui
264 2748 468 2821 nosset
496 2743 702 2798 omnia.
735 2736 899 2801 Solus
924 2760 1147 2817 quoque
1177 2745 1323 2802 Patri
1366 2746 1631 2818 sanguine
1657 2763 1758 2804 suo

158 2842 323 2889 totum
380 2835 640 2890 mundum
685 2837 1108 2904 reconciliaret,
1156 2846 1215 2893 ut
1256 2850 1311 2895 et
1361 2839 1664 2896 cmlestium
1707 2850 1762 2898 et

160 2925 495 2981 terrestrium
518 2927 892 2984 misereretur.
924 2928 1163 3000 Denique
1189 2939 1374 3000 postea
1406 2946 1566 3001 quam
1591 2931 1757 2997 venit,

161 3020 451 3088 paciﬁcavit
481 3022 653 3075 omnia
684 3026 776 3092 per
816 3023 1121 3096 sanguinem
1157 3024 1324 3077 crucis
1372 3039 1499 3092 sua,
1543 3040 1659 3095 quas
1683 3024 1761 3079 vel

157 3111 209 3164 in
234 3113 361 3167 caelo
385 3112 463 3166 vel
489 3115 544 3166 in
567 3122 704 3168 terra
726 3123 847 3169 sunt
871 3113 1096 3182 (Coloss.
1130 3128 1167 3181 ι,
1196 3114 1313 3189 20).
1348 3114 1496 3171 Intus
1530 3114 1761 3191 thymia-

161 3205 470 3270 materium,
506 3204 655 3261 intus
686 3219 870 3260 mensa
892 3247 907 3271 ,
940 3206 1083 3261 intus
1115 3206 1333 3264 lucerna
1368 3227 1381 3263 :
1417 3206 1761 3279 Thymiama-

1855 2021 1943 2062 me
1972 2024 1984 2059 :
2018 2005 2378 2060 admoventur
2404 2004 2627 2070 arietes,
2655 2003 2810 2074 queis
2842 2001 3111 2058 feriuntur
3136 2001 3316 2057 valida
3336 2016 3454 2055 mu-

1848 2115 2061 2169 rorum.
2107 2098 2224 2166 Quo
2268 2097 2566 2164 perturbati
2606 2111 2798 2152 omnes
2826 2097 2919 2167 qui
2957 2106 3085 2150 ante
3111 2094 3181 2151 de
3207 2093 3456 2150 domina-

1855 2192 2020 2247 tionis
2072 2192 2213 2245 inter
2265 2205 2327 2246 se
2379 2189 2563 2245 studio
2619 2188 2945 2254 certabant,
2998 2190 3052 2241 in
3102 2186 3454 2242 concordiam

1855 2294 2077 2350 coeunt,
2105 2282 2341 2354 dataque
2379 2283 2700 2350 impunitate
2736 2280 3106 2353 superiorum,
3143 2293 3307 2334 unum
3336 2293 3458 2334 cor-

1857 2391 1958 2448 pus
1987 2373 2204 2438 fecere,
2235 2384 2290 2431 et
2338 2374 2639 2446 εοιιειιίηιί
2679 2380 2908 2445 cogente
2957 2372 3227 2442 periculo,
3265 2371 3455 2428 urbem

1858 2480 2099 2528 tuentur.
2146 2468 2433 2540 Progressi
2487 2483 2703 2540 quoque
2752 2467 3018 2531 tumulos,
3069 2466 3247 2536 ignem
3293 2478 3456 2534 super

1859 2565 2137 2620 machinas
2197 2562 2616 2633 jaculabantur,
2672 2567 2747 2635 ut
2781 2559 3127 2615 destruerent
3185 2569 3450 2629 aggeres,

1859 2648 2154 2713 exurerent
2176 2656 2380 2722 vineas,
2411 2655 2612 2711 arietes
2641 2650 2998 2707 incenderent
3030 2668 3043 2704 :
3075 2663 3138 2704 ac
3164 2662 3304 2720 pene
3334 2662 3454 2702 om-

1862 2750 1948 2805 nia
1992 2746 2365 2803 macbinarum
2409 2761 2604 2817 genera
2652 2749 2995 2808 exusserant,
3023 2740 3126 2796 nisi
3154 2739 3312 2795 electi
3338 2738 3456 2810 ple-

1861 2842 2016 2913 rique
2068 2839 2299 2896 militum
2346 2847 2402 2894 et
2447 2840 2755 2900 sociorum,
2808 2834 3043 2890 maxime
3089 2848 3157 2890 ex
3210 2833 3456 2903 partibus

1861 2931 2245 2989 Alexandrinae
2274 2929 2448 2997 urbis,
2478 2938 2701 2985 strenue
2747 2926 3216 2997 repugnavissent.
3246 2921 3456 2990 Quibus

1862 3034 2045 3080 tamen
2078 3022 2258 3079 valide
2288 3020 2665 3079 resistentibus
2690 3062 2704 3086 ,
2735 3018 2941 3074 addidit
2965 3016 3146 3073 Caesar
3174 3015 3457 3087 adjumen-

1866 3128 1978 3174 tum
2008 3117 2247 3189 equitnm
2277 3115 2667 3186 potentiorum.
2699 3112 2819 3182 Ipse
2860 3124 3075 3182 quoque
3115 3109 3317 3164 acriter
3353 3123 3454 3178 pu-

1864 3226 2038 3285 gnans
2054 3210 2250 3266 sternit
2280 3208 2566 3264 duodecim
2588 3206 2799 3261 adversi
2831 3204 3060 3274 agminis
3091 3210 3459 3273 propugnato—

159 3295 350 3350 terium
379 3335 394 3359 ,
426 3294 567 3365 quod
616 3295 687 3350 ita
733 3295 802 3351 ad
843 3294 1011 3352 Deum
1060 3294 1298 3367 Patrem,
1324 3298 1455 3354 sicut
1496 3299 1760 3355 incensum
1788 3324 1832 3388 ρ
1867 3319 1973 3360 res.
2022 3302 2099 3359 lta
2148 3304 2227 3357 vis
2275 3299 2637 3356 multitudinis
2668 3298 2890 3368 reliqua:
2919 3294 3143 3351 exitium
3175 3293 3457 3349 declinans

161 3388 420 3458 dirigatur
467 3387 691 3443 maximi
729 3388 1031 3445 sacerdotis
1080 3390 1248 3444 oratio
1290 3388 1463 3464 (Psal.
1495 3406 1620 3458 exn,
1647 3391 1706 3461 Ξ)
1745 3409 1759 3446 :

161 3479 542 3549 mensa,quod
593 3482 643 3534 iu
692 3470 985 3559 ea-passio
1035 3482 1233 3537 Christi
1281 3484 1369 3552 sit,
1403 3492 1457 3538 et
1500 3485 1761 3556 mysteria

161 3577 627 3626 sacramentorum
658 3612 674 3638 ,
724 3573 867 3628 unde
910 3581 966 3628 et
1012 3564 1197 3629 David6
1225 3573 1356 3630 dicit
1400 3594 1412 3630 :
1457 3574 1669 3631 Parasti
1709 3579 1762 3632 in

161 3675 439 3736 conspectu
480 3681 592 3719 meo
630 3681 856 3720 mensam
900 3664 1072 3740 (Psal.
1110 3684 1248 3737 χχιι,
1281 3666 1375 3740 5);
1416 3671 1570 3741 cujus
1616 3671 1763 3727 velut

162 3754 450 3813 duodecim
490 3771 656 3826 panes
683 3799 698 3825 ,
725 3756 1010 3814 duodecim
1042 3760 1272 3830 apostoli
1301 3762 1410 3816 sint
1441 3772 1605 3818 testes
1636 3779 1762 3835 pas-

162 3848 329 3904 sionis
357 3850 482 3917 ejus
520 3862 584 3905 ac
629 3852 1045 3906 resurrectionis
1075 3852 1214 3923 ejus.
1248 3850 1492 3909 Lucerna
1524 3871 1643 3926 quae
1673 3872 1763 3913 su-

162 3955 254 4010 pra
277 3940 664 3997 candelabrum
684 3942 1066 4012 ponitur,ante
1088 3945 1189 4001 sub
1211 3946 1391 4000 modio
1412 3954 1550 4014 erat,
1582 3948 1632 4003 id
1655 3960 1758 4019 est,

164 4034 262 4088 sub
288 4033 431 4106 legis
460 4049 711 4090 mensura
737 4051 753 4101 ;
779 4050 922 4092 nunc
949 4034 1033 4092 est
1060 4038 1161 4092 sub
1185 4039 1374 4110 gratia:
1404 4038 1757 4111 plenitudine,

164 4123 531 4199 beptamycho
581 4126 835 4197 frequens
891 4127 1074 4184 lumen
1130 4127 1455 4199 effundens,
1499 4147 1566 4188 eo
1617 4133 1763 4204 quod

163 4218 400 4289 Spiritus
431 4226 655 4276 sanctus
701 4229 910 4293 septem
945 4222 1298 4279 maximarum
1330 4224 1624 4295 gratiarum
1652 4228 1764 4284 vir-

165 4310 371 4367 tutibus
398 4310 497 4367 Dei
544 4311 799 4383 templum
832 4318 858 4351 ⁸
888 4313 1243 4371 illuminaret.
1289 4314 1572 4372 Trinitatis
1603 4319 1765 4390 igitur

165 4396 402 4473 cognitio
427 4404 481 4459 in
514 4404 862 4461 interiorilms
898 4414 1018 4460 erat
1058 4404 1266 4478 templi,
1299 4424 1420 4480 qua:
1444 4406 1764 4467 dicebantur

162 4492 363 4551 Sancta
385 4500 719 4564 sanetordm,
749 4496 837 4554 ubi
864 4494 1098 4568 reposita
1124 4502 1392 4571 quondam
1417 4501 1561 4575 virga
1584 4505 1763 4562 Aaron

165 4590 375 4658 ﬁorult,
406 4592 550 4662 quod
599 4591 952 4647 Sacerdotalis
995 4593 1166 4663 gratia
1200 4594 1252 4649 in
1281 4594 1498 4652 Christo
1533 4599 1764 4671 amplius

1866 3398 1918 3451 in
1954 3396 2142 3451 urbem
2171 3394 2418 3459 revertit,
2445 3403 2499 3448 et
2524 3396 2594 3445 ab
2624 3390 2876 3445 incendio
2894 3388 3134 3443 Romana
3169 3400 3334 3455 opera
3365 3384 3460 3439 de-

1864 3490 2037 3546 fensa.
2062 3487 2274 3544 Cecidit
2291 3502 2357 3543 co
2385 3485 2572 3557 prmlio
2593 3484 2831 3541 Joannes
2853 3481 3045 3537 ductor
3074 3478 3454 3535 ldumarorum:

1863 3582 1990 3636 dum
2024 3589 2148 3635 ante
2177 3593 2392 3645 muros,
2422 3582 2639 3648 cognito
2666 3575 2769 3630 sibi
2794 3573 3041 3628 Romano
3069 3570 3223 3627 militi
3253 3585 3460 3624 sermo-

1865 3689 1986 3729 nem
2017 3670 2288 3735 conserit,
2310 3666 2311 3669 “
2333 3670 2473 3725 ictus
2505 3678 2651 3739 terga
2683 3666 2894 3737 sagittm
2925 3663 3170 3727 vulnere,
3200 3661 3458 3717 continuo

1866 3764 2080 3821 labitur.
2123 3761 2362 3817 Arabum
2413 3761 2592 3815 ferunt
2621 3757 3008 3829 peritissimum
3048 3753 3118 3808 de
3145 3752 3458 3823 jaculatori-

1865 3857 1962 3913 bus
1984 3856 2102 3926 ejus
2123 3855 2306 3909 obitus
2335 3861 2616 3907 auctorem
2647 3867 2659 3903 :
2692 3849 2948 3919 gravique
2974 3859 3208 3900 mmrore
3232 3843 3458 3897 allectos

1864 3948 2149 4013 Idumaeos,
2176 3944 2318 4016 quod
2344 3942 2515 3999 virum
2542 3951 2597 3997 et
2618 3956 2779 3996 manu
2807 3946 3113 4011 promptum
3137 3936 3455 4002 amiserant,

1864 4050 1919 4097 et
1948 4041 2146 4096 bonum
2170 4037 2417 4092 consilio.

2468 4126 2701 4185 CAPUT
2756 4125 2847 4181 XI.

1937 4225 2196 4303 Sequenti
2226 4236 2390 4282 nocte
2428 4223 2623 4280 accidit
2660 4233 2717 4277 ut
2749 4230 2858 4277 tres
2904 4228 3087 4276 turres
3130 4230 3264 4288 quas
3304 4214 3459 4270 Titus

1866 4319 2039 4375 attolli
2077 4318 2319 4391 jusserat
2359 4332 2525 4389 supra
2571 4329 2866 4388 aggerem,
2899 4328 3006 4382 quo
3037 4310 3256 4366 Judazos
3282 4306 3366 4364 vel
3394 4322 3463 4361 ex

1866 4426 2024 4482 aequo
2051 4412 2133 4467 vel
2157 4426 2222 4466 ex
2239 4408 2525 4481 superiore
2547 4405 2770 4479 spiculis
2797 4401 3211 4475 ﬁgeret:subito
3240 4397 3383 4453 nulla
3411 4396 3461 4451 vi

1868 4506 2105 4561 hostium
2138 4511 2379 4558 ruerent.
2413 4501 2532 4568 Quo
2574 4498 2757 4555 sonitu
2786 4496 3156 4551 Romanorum
3186 4491 3462 4546 exercitus

1866 4597 2042 4652 omnis
2069 4595 2336 4662 turbatur,
2370 4606 2432 4647 ea
2464 4590 2719 4662 opinione
2741 4585 2885 4659 quod
2915 4588 2983 4641 ab
3012 4583 3171 4639 home
3200 4582 3450 4637 destruc-

165 4692 314 4739 esset
346 4688 632 4754 operatum
657 4692 779 4755 post
806 4693 1059 4749 mortem,
1084 4701 1187 4757 qua
1220 4686 1479 4744 mundum
1512 4685 1762 4747 redemit.
1791 4710 1846 4772 D
1873 4701 1955 4746 tos
2003 4702 2227 4759 aggeres
2247 4728 2262 4753 ,
2319 4687 2559 4741 succisas
2614 4693 2790 4739 turres
2845 4680 3243 4736 arbitrarentur
3270 4716 3286 4743 ,
3340 4689 3463 4744 qua:

167 4785 309 4836 Ante
351 4781 613 4851 templum
644 4790 802 4837 erant
826 4772 1232 4854 quatuordecim
1264 4782 1483 4854 gradus,
1508 4799 1604 4854 per
1631 4799 1768 4855 quos

166 4868 423 4928 Ezechiae
471 4874 611 4945 regis
661 4884 907 4945 tempore
959 4874 1149 4931 umbra
1198 4877 1535 4943 ascenderat,
1562 4876 1766 4948 signiﬁ-

165 4974 300 5018 cans
330 4962 382 5017 ei
416 4965 537 5019 vitae
565 4962 725 5020 ﬁnem
768 4964 1029 5022 futurum.
1079 4966 1189 5023 Sed
1218 4966 1439 5022 oraculo
1486 4968 1725 5024 monitus
1747 5011 1764 5038 ,

165 5057 350 5112 oravit
377 5066 430 5112 et
460 5059 657 5113 meruit
684 5058 875 5115 mortis
895 5050 1208 5115 dilationem
1238 5059 1339 5115 hoc
1371 5059 1592 5125 indicio,
1620 5060 1763 5131 quod

166 5149 366 5207 iisdem
423 5146 678 5222 gradibus
722 5151 805 5210 sol
854 5152 1267 5221 relunderetur,
1299 5152 1391 5224 qui
1438 5152 1771 5223 significaret

168 5252 247 5302 tot
309 5261 539 5315 numero
600 5263 866 5305 annorum
934 5260 1293 5305 commeatum
1343 5250 1392 5305 ei
1447 5247 1569 5302 vita:
1623 5247 1768 5303 relu-

165 5354 315 5395 sum.

808 5431 1039 5489 CAPUT
1078 5427 1168 5489 Χ(

235 5523 379 5579 Cum
410 5523 574 5597 igitur
602 5525 809 5581 munita
841 5534 987 5581 esset
1017 5508 1256 5596 undique
1284 5524 1476 5580 civitas
1507 5523 1767 5596 plurimo-

165 5628 288 5673 rum
327 5629 516 5687 regum
558 5616 847 5688 operibus;
894 5627 950 5674 et
992 5615 1227 5672 maxime
1254 5612 1504 5685 Herodis,
1537 5617 1624 5699 qui
1653 5631 1773 5674 cas-

246 5862 274 5897 σι
317 5846 347 5907 I
358 5844 610 5920 lluntinet.
644 5844 821 5920 BA”;

1870 4795 2093 4839 ruentes
2146 4780 2423 4850 ingentem
2474 4778 2580 4832 late
2619 4788 2853 4845 stragem
2885 4771 3188 4827 dedissent.
3219 4770 3297 4823 Ac
3327 4781 3464 4838 pene

1869 4877 2166 4932 admissum
2195 4884 2313 4931 erat
2339 4874 2546 4928 facinus
2576 4868 2882 4925 miserabile
2906 4875 2962 4921 ut
2982 4866 3219 4921 victores
3242 4861 3466 4918 incertis

1864 4983 1967 5042 per
1996 4974 2211 5023 noctem
2259 4964 2502 5021 hostibus
2535 4962 2655 5034 fuga
2692 4960 2974 5024 cederent,
3007 4956 3107 5013 nisi
3139 4955 3283 5027 quod
3316 4963 3467 5008 tene-

1870 5062 1981 5118 brae
2012 5061 2278 5130 ruinaque
2324 5059 2461 5131 ipsa,
2504 5061 2683 5112 excito
2722 5056 2944 5126 pulvere
2974 5062 3319 5122 prospectum
3353 5048 3469 5102 adi-

1872 5163 2104 5218 merent,
2137 5163 2194 5209 ut
2242 5168 2348 5223 quo
2379 5150 2628 5221 fugerent
2667 5149 2937 5204 incertum
2983 5146 3268 5201 haberent.
3301 5142 3466 5210 Qum-

1872 5246 2026 5302 rebat
2059 5244 2432 5315 unusquisque
2467 5242 2535 5297 de
2580 5239 2826 5312 proximo
2856 5237 2981 5311 quid
3024 5237 3333 5301 accidisset,
3366 5247 3468 5288 nec

1872 5350 2205 5407 cognoscere
2250 5334 2364 5389 veri
2420 5341 2633 5404 poterat
2678 5331 2838 5386 lidem
2869 5371 2884 5396 ,
2936 5329 3060 5399 quia
3107 5326 3356 5381 similiter
3399 5323 3469 5377 ab

1875 5428 2128 5486 omnibus
2156 5424 2422 5495 ejusmodi
2467 5438 2628 5480 casus
2669 5420 3049 5495 ignorabatur,
3080 5418 3259 5473 donec
3286 5412 3469 5471 Caesar

1874 5522 2035 5577 rebus
2062 5518 2377 5588 compertis,
2413 5516 2691 5571 insinuare
2731 5515 3051 5587 praeciperet
3079 5512 3130 5565 id
3156 5505 3472 5587 quodacci-

1874 5612 2046 5679 derat,
2101 5621 2260 5665 casus
2313 5606 2625 5682 repentini,
2658 5621 2768 5662 non
2822 5604 2988 5663 ullius
3038 5598 3254 5657 hostilis
3306 5594 3474 5675 fuisse
