3948 6336
495 397 640 456 2163

1815 390 2064 450 SANCTI
2102 389 2431 449 AMBROSII

3671 386 3798 444 2i“

497 510 838 583 irruptionis.
889 509 978 567 Sic
1023 507 1244 565 sedatus
1295 522 1465 580 pavor
1485 549 1501 575 ,
1532 505 1905 579 expugnanda:
1949 505 2100 561 urbis
2125 509 2179 570 Α
2204 505 2460 561 virtutem
2494 503 2748 560 addebat.
2773 505 2878 561 Par
2903 512 3080 562 tamen
3110 505 3411 576 imparibus
3439 503 3646 560 animis
3674 518 3803 558 mor-

501 604 806 661 subsidium
851 618 1014 658 omne
1041 604 1094 658 in
1135 601 1342 659 viribus
1391 601 1650 658 locatum.
1693 599 1828 656 Nam
1870 614 1993 654 cum
2025 598 2106 652 al-

505 697 715 752 tissima
743 710 1022 751 murorum
1052 703 1274 760 essent,
1305 702 1361 750 et
1391 693 1649 765 pleraque
1686 694 1832 747 ferro
1862 699 1955 745 aut
1997 705 2106 745 aere

504 796 719 859 operta,
749 797 912 858 atque
951 786 1066 857 ipsa
1095 786 1385 842 altitudine
1426 785 1616 842 hostes
1643 800 1674 840 a
1703 783 1894 855 jaculis
1919 782 2107 838 defen-

501 881 803 949 derentur,
861 881 1092 936 Romani
1155 879 1450 936 admovere
1503 879 1733 935 arietum
1785 877 2103 943 machinas,

506 988 738 1044 quorum
795 973 903 1028 ictu
955 972 1223 1043 frequenti
1273 971 1414 1027 muri
1444 980 1470 1007 κ
1511 970 1687 1025 valida
1733 969 2103 1024 laxabantur:

505 1065 660 1120 inniti
708 1063 1008 1119 levioribus
1049 1063 1272 1133 spiculis
1303 1077 1522 1133 coepere
1551 1071 1608 1117 et
1635 1060 1870 1132 sagittis,
1893 1069 1952 1114 ut
1985 1073 2110 1128 pro-

506 1167 818 1229 pugnantes
863 1163 1214 1222 averterent,
1263 1153 1658 1226 impedimenta
1705 1151 2106 1224 prohibentium

504 1250 918 1320 detorquerent.
947 1249 1038 1304 Sic
1067 1247 1328 1318 paulatim
1374 1247 1743 1320 quatientibus
1793 1261 1982 1301 murus
2019 1260 2109 1300 ce-

509 1341 717 1398 debat:
752 1341 894 1398 unde
946 1343 1208 1410 majorem
1267 1343 1444 1414 ipsum
1496 1343 1762 1409 arietem,
1808 1342 2107 1396 excisorem

509 1438 723 1494 urbium
748 1436 920 1493 Judaei
947 1438 1379 1508 appellaverunt.
1404 1438 1588 1492 Soluta
1619 1438 1800 1507 itaque
1828 1451 2108 1491 murorum

507 1539 682 1602 parte,
713 1529 1058 1601 dereliquere
1105 1530 1276 1585 Judaei
1311 1529 1452 1585 muri
1480 1529 1650 1602 ipsius
1679 1527 2106 1600 propugnacula,

511 1625 714 1690 securi,
745 1623 890 1696 quod
937 1623 1074 1678 duos
1103 1623 1242 1678 alios
1271 1638 1456 1679 muros
1495 1623 1780 1678 interiores
1826 1621 2105 1686 haberent,

510 1727 567 1773 et
609 1732 933 1773 concessere
977 1716 1045 1772 ad
1091 1731 1305 1770 murum
1345 1715 1665 1771 secundum.
1702 1714 1813 1770 Illis
1862 1713 2112 1785 fugienti-

506 1809 632 1878 bus,
652 1809 883 1866 Romani
907 1809 1280 1881 ingredientes
1307 1825 1404 1879 per
1424 1823 1554 1864 cava
1578 1809 1739 1872 muri,
1768 1817 1950 1879 portas
1981 1821 2112 1877 ape-

2209 600 2276 654 tis
2321 608 2698 669 contemptus:
2741 597 2942 654 Judmis
2997 599 3247 654 solatium
3300 598 3641 669 putabatur,
3693 610 3804 652 cum

2208 691 2365 746 hoste
2393 691 2676 746 commori.
2723 689 2878 746 Titus
2910 690 3206 745 festinabat
3235 690 3514 746 coniicere
3567 687 3773 743 bellum
3793 729 3805 753 ,

2207 783 2302 838 sed
2339 783 2458 838 sine
2502 797 2724 838 suorum
2765 783 3052 852 dispendio
3079 825 3094 849 ,
3127 783 3218 853 qui
3249 784 3412 839 etiam
3447 781 3601 851 ipsos
3633 780 3810 834 hostes

2207 891 2426 932 scrvare
2453 876 2498 931 si
2531 885 2734 946 posset,
2767 891 2926 946 quam
2975 875 3204 947 perdere
3236 874 3496 931 tnalebat.
3529 871 3648 928 Nec
3673 863 3811 927 aliud

2209 972 2464 1026 monebat
2509 970 2776 1035 militem,
2828 970 2931 1024 nisi
2977 969 3229 1024 consulto
3277 967 3596 1024 bellandum
3644 985 3657 1018 :
3702 980 3812 1020 eam

2207 1066 2379 1120 solam
2409 1080 2530 1120 esse
2559 1081 2738 1119 veram
2786 1065 3062 1130 virtutem,
3086 1063 3170 1119 cui
3201 1066 3268 1118 sit
3307 1078 3492 1118 cotnes
3523 1060 3813 1131 providen-

2214 1158 2283 1211 tia
2319 1175 2332 1210 :
2369 1173 2488 1211 nam
2522 1159 2636 1210 sine
2668 1155 2898 1211 consilio
2930 1155 3304 1211 fortitudinem
3343 1154 3718 1209 temeritatem
3748 1151 3816 1205 vi-

2209 1251 2353 1316 deri,
2385 1265 2480 1304 nec
2513 1265 2736 1320 usquam
2765 1248 2933 1319 magis
2963 1247 3260 1304 cavendum
3285 1261 3443 1316 quam
3477 1245 3531 1300 in
3566 1244 3810 1299 victoria.

2211 1344 2395 1400 Perire
2423 1344 2567 1399 enim
2606 1358 2726 1397 eum
2769 1342 3026 1397 inferiore
3057 1342 3420 1411 superiorem,
3455 1340 3587 1394 victi
3630 1339 3814 1393 trium-

2211 1439 2350 1510 phus
2397 1447 2496 1493 cst.
2546 1436 2951 1492 Consulendum
2997 1437 3177 1505 itaque
3212 1450 3280 1490 ne
3311 1434 3567 1489 videatur
3592 1441 3813 1487 eventus

2210 1532 2400 1598 fuisse,
2434 1531 2577 1602 quod
2613 1531 2838 1598 vicerit;
2871 1530 3099 1602 ignaviae
3124 1572 3140 1596 ,
3173 1529 3317 1601 quod
3358 1528 3700 1584 consortium
3733 1542 3816 1596 pe.

2211 1627 2364 1683 riculi
2398 1642 2504 1682 non
2544 1627 2803 1682 evaserit.
2836 1625 2997 1681 Jubet
3034 1626 3218 1692 itaque
3262 1625 3493 1680 arietem
3539 1621 3815 1679 admoveri

2211 1721 2278 1777 ad
2304 1720 2540 1776 medium
2570 1719 2712 1775 muri
2738 1718 3199 1790 septentrionalis.

2804 1809 3032 1867 CAPUT
3073 1809 3214 1865 XIII.

505 1918 667 1959 ruere
699 1920 714 1957 :
748 1903 828 1958 sic
877 1901 1226 1956 intromissus
1250 1901 1429 1958 omnis
1457 1900 1746 1964 exercitus,
1776 1913 1918 1970 pene
1942 1897 2108 1954 diruit
2139 1896 2187 1956 Β
2285 1905 2417 1978 Erat
2443 1906 2514 1961 ibi
2541 1904 2734 1960 CaStor
2761 1903 2987 1959 callidus
3009 1912 3066 1958 et
3087 1902 3154 1957 ad
3182 1901 3430 1957 fraudem
3461 1910 3708 1972 paratus,
3731 1901 3815 1971 qui

509 2011 726 2050 murum
744 1997 1170 2061 cxteriorem,ue
1192 1995 1519 2051 bellantibus
1533 2003 1680 2049 esset
1693 1991 2104 2063 impedimento:

509 2098 603 2144 aut
631 2089 676 2144 si
709 2102 798 2145 res
825 2089 1074 2145 adversa:
1101 2089 1283 2144 forent
1304 2117 1332 2154 ,-
1361 2089 1656 2144 claustrum
1688 2085 2105 2158 refugientibus.

1114 2182 1345 2239 CAPUT
1393 2181 1509 2238 XII.

589 2277 899 2332 Diviserunt
945 2277 1051 2332 sibi
1098 2276 1217 2334 loca
1261 2277 1502 2334 Joannes
1528 2285 1583 2332 et
1611 2276 1797 2332 Simon
1843 2274 2110 2344 conjurati

513 2370 657 2424 circa
691 2385 904 2424 murum
931 2369 1252 2425 secundum.
1287 2370 1525 2426 Joannes
1553 2385 1676 2425 cum
1707 2371 1818 2425 suis
1850 2368 1904 2423 in
1931 2379 2111 2424 castro

515 2462 600 2516 cui
646 2476 841 2517 nomen
873 2462 1134 2530 Antonia,
1166 2463 1513 2533 praeliabatur
1543 2481 1556 2518 :
1588 2463 1639 2518 ei
1670 2462 1968 2533 propinqua
1998 2471 2114 2516 erat

517 2553 756 2622 porticus
806 2555 1011 2624 templi,
1056 2569 1177 2625 quae
1225 2556 1486 2626 vergebat
1520 2555 1587 2610 ad
1643 2564 1849 2625 partem
1898 2563 2113 2624 septen-

520 2644 732 2699 trionis.
771 2644 904 2700 Nam
934 2656 989 2702 et
1021 2646 1138 2716 ipse
1180 2648 1330 2703 locus
1361 2649 1439 2719 (in
1491 2663 1598 2718 quo
1643 2656 1881 2703 castrum
1927 2656 2113 2718 postea

517 2739 756 2792 Antonio
783 2740 1048 2795 vocabulo
1071 2740 1373 2814 conditum)
1400 2742 1542 2797 inter
1565 2742 1703 2797 duas
1728 2741 1916 2812 jacens
1945 2741 2116 2812 porti-

517 2843 613 2884 cus
656 2832 1099 2900 septentrionalis
1121 2874 1136 2898 ,
1170 2835 1272 2888 hoc
1302 2844 1384 2888 est
1408 2876 1420 2900 ,
1455 2833 1611 2888 Brios
1657 2832 2108 2902 nuncupabatur;

519 2921 708 2978 Simon
764 2938 894 2979 vero
940 2925 1008 2980 ad
1044 2926 1270 2980 Joannis
1318 2927 1626 2996 sepulcrum
1675 2925 1847 2980 vicem
1902 2923 2115 2979 tuenda:

519 3016 671 3069 urbis
699 3027 1014 3086 susceperat
1038 3035 1051 3071 :
1079 3017 1162 3071 his
1187 3034 1286 3089 pro
1314 3019 1508 3086 salute,
1539 3018 1798 3073 Romanis
1825 3033 1920 3088 pro
1947 3017 2116 3071 victo-

521 3107 602 3164 ria
633 3117 910 3164 certamen
942 3120 1079 3165 erat.
1128 3111 1334 3176 Quibus
1378 3111 1482 3166 etsi
1530 3111 1704 3166 virtus
1750 3111 2022 3180 potentior
2049 3109 2114 3163 ad

521 3200 1001 3272 congrediendum,
1060 3205 1210 3258 locus
1259 3211 1438 3258 tamen
1494 3201 1720 3257 inferior
1766 3201 1834 3256 ad
1879 3199 2116 3256 obsidio-

522 3309 646 3350 nem
675 3313 688 3347 :
721 3310 843 3350 cum
865 3311 963 3350 eos
988 3295 1056 3351 de
1087 3311 1244 3350 muro
1265 3306 1513 3366 gravaret
1547 3295 1811 3365 przrlium,
1837 3293 2114 3350 temeritas
2143 3283 2190 3347 C

520 3387 726 3443 Judaris
770 3388 1111 3454 insolentior,
1155 3388 1415 3446 fortitudo
1451 3388 1708 3444 Romanis
1747 3389 1926 3442 acrior
1955 3395 2112 3442 erat:

525 3479 880 3533 imminebant
922 3479 1167 3548 partibus
1195 3479 1392 3544 duces;
1424 3495 1598 3550 eoque
1626 3479 1798 3549 major
1840 3478 2117 3533 oriebatur

523 3569 824 3636 contentio,
853 3569 982 3624 dum
1005 3571 1236 3641 quisque
1263 3570 1377 3626 suis
1404 3571 1717 3626 ductoribus
1748 3570 1992 3640 pericula
2021 3583 2116 3623 sna

523 3660 686 3730 geStit
715 3661 966 3730 probare.
997 3662 1184 3718 Simon
1211 3679 1340 3719 suos
1363 3663 1584 3734 urgebat
1616 3674 1823 3718 terrore
1845 3671 1899 3716 et
1927 3660 2117 3718 formi-

523 3752 650 3806 dine
683 3770 696 3805 :
730 3752 1000 3810 Romanos
1021 3755 1173 3810 Titus
1204 3757 1408 3826 pudore
1430 3756 1512 3811 sui
1542 3771 1703 3828 quam
1729 3756 1964 3812 maxime
1989 3769 2119 3812 coa-

525 3845 819 3914 veniebat,
871 3848 1014 3918 quod
1071 3857 1248 3903 morte
1308 3847 1525 3918 gravius
1595 3849 1960 3914 arbitrantur,
2013 3863 2118 3902 non

524 3939 788 3996 exhibere
832 3943 1073 4012 pericula
1123 3957 1220 3997 sua
1263 3941 1496 4010 C:esari,
1529 3959 1652 3998 cum
1687 3945 1804 4014 ipse
1831 3944 1994 3998 toties
2024 3959 2122 4013 pro

528 4034 770 4088 exercitu
801 4035 1054 4103 periculis
1076 4035 1273 4090 offerre
1293 4049 1352 4089 se
1377 4051 1481 4090 non
1512 4035 1892 4091 dubitavisset.
1925 4037 2122 4090 Arma-

528 4123 621 4179 bat
651 4141 744 4180 eos
766 4127 1014 4182 vincendi
1038 4127 1398 4193 consuetudo,
1429 4137 1482 4182 et
1507 4127 1739 4182 cedendi
1771 4129 2073 4198 ignorantia
2108 4145 2120 4180 :

529 4219 912 4290 praecipueque
938 4234 1180 4290 prtesens
1211 4221 1635 4293 uniuscujusque
1660 4223 1876 4277 virtutis
1919 4223 2126 4278 arbiter

530 4309 704 4378 Titus,
739 4327 768 4366 a
797 4327 904 4383 quo
933 4328 1040 4367 non
1072 4313 1444 4368 remuneratio
1487 4311 1822 4369 fortitudinis
1847 4317 2126 4385 eXspecta-

531 4405 723 4471 batur,
773 4407 868 4462 sed
911 4422 1074 4477 supra
1123 4407 1344 4476 omnia,
1387 4407 1594 4463 fructus
1643 4409 1960 4480 amplissimi
2009 4422 2127 4466 erat

532 4499 761 4568 prmmii,
796 4499 889 4554 illo
933 4509 1217 4570 spectante
1262 4501 1556 4571 quidquam
1606 4509 1827 4558 strenue
1865 4503 2122 4572 gessisse,

527 4592 672 4664 quod
722 4594 771 4648 ei
829 4609 936 4648 non
997 4595 1336 4665 displiceret.
1386 4595 1466 4651 Eo
1515 4597 1790 4652 incentivo
1847 4597 2124 4668 Longinus

2212 1998 2406 2069 fugatis
2434 1997 2646 2053 ca-teris
2673 2013 2775 2068 per
2807 1996 2989 2066 jacula
3019 1996 3447 2066 sagittariorum,
3480 2010 3608 2049 cum
3642 1995 3761 2049 aliis
3793 2006 3811 2030 ε
3895 2036 3897 2040 .

2215 2106 2366 2146 novre
2397 2089 2600 2145 fraudis
2625 2089 2786 2144 sociis
2815 2088 3202 2158 prmtendebat.
3234 2087 3282 2142 Is
3306 2087 3396 2142 ubi
3420 2088 3654 2156 appulsu
3683 2086 3814 2140 arie-

2215 2186 2282 2240 tis
2313 2184 2502 2240 turrim
2544 2182 2745 2248 everti,
2782 2197 2994 2236 mttrum
3028 2181 3212 2236 Iabere
3241 2195 3304 2234 ac
3334 2177 3496 2234 facile
3526 2182 3813 2240 ruiturum,

2213 2277 2258 2332 si
2296 2275 2549 2331 tormenti
2594 2275 2731 2329 ictus
2771 2280 3128 2344 repeteretur,
3171 2270 3596 2336 animadvertit,
3632 2285 3815 2324 manus

2216 2369 2445 2425 tendens
2462 2367 2965 2436 rogabathsarem
2991 2380 3122 2420 voce
3141 2363 3460 2430 miserabili,
3486 2373 3543 2418 ut
3564 2364 3812 2432 peritura:

2214 2462 2454 2533 urbijam
2479 2470 2749 2532 parceret,
2766 2475 2863 2515 nec
2877 2474 3130 2530 supremo
3150 2456 3364 2513 excidio
3387 2455 3813 2511 labefactandam

2216 2565 2446 2629 putaret.
2467 2555 2648 2611 Cmsar
2671 2553 3111 2624 mstimavitquod
3133 2551 3321 2607 sedulo
3337 2549 3546 2606 veniam
3563 2549 3814 2619 depreca-

2217 2660 2392 2706 retur:
2410 2664 2600 2705 manus
2622 2649 2844 2704 daturus
2862 2657 2919 2702 ut
2941 2647 3144 2702 deditio
3161 2643 3514 2716 praecederet,
3535 2642 3696 2713 jubet
3715 2651 3815 2697 tor-

2219 2752 2527 2799 mentorum
2576 2742 2714 2797 ictus
2754 2757 3006 2806 cessare,
3053 2739 3382 2810 jaculatores
3442 2747 3751 2809 temperare
3786 2753 3813 2790 a

2219 2836 2425 2906 prtelio.
2460 2823 2788 2890 Castoridat
2820 2833 3072 2904 loquendi
3111 2829 3343 2901 copiam.
3378 2829 3473 2884 Ille
3495 2830 3814 2885 descensum

2217 2926 2490 2994 simulare,
2511 2927 2631 2986 dein
2647 2927 2798 2997 quasi
2816 2926 3044 2981 suadere
3061 2926 3172 2980 suis
3194 2941 3208 2978 :
3235 2923 3327 2977 alii
3341 2923 3499 2990 velle,
3519 2923 3612 2979 alii
3639 2921 3813 2985 reniti,

2218 3023 2503 3092 subitoque
2525 3021 3031 3092 velutindignantes
3045 3021 3134 3092 qui
3149 3026 3495 3090 cogerentur,
3513 3033 3678 3087 supra
3699 3017 3818 3071 lori-

2219 3127 2336 3168 eam
2359 3128 2418 3169 se
2435 3115 2798 3184 percutientes
2816 3113 3083 3170 cecidere.
3120 3111 3435 3167 Miraculum
3465 3113 3681 3177 ingens,
3701 3124 3816 3164 cum

2222 3205 2367 3262 fraus
2389 3207 2600 3271 lateret,
2629 3208 2708 3262 sic
2737 3217 2947 3278 tempus
2967 3205 2993 3242 ιι
3026 3207 3249 3262 duxere.
3281 3204 3428 3260 Inter
3475 3220 3594 3274 qua:
3628 3218 3767 3257 unus
3792 3217 3818 3254 e

2220 3299 2480 3354 militibus
2504 3300 2759 3354 Romanis
2780 3299 2964 3368 jacqu
2992 3299 3198 3370 sagitta:
3221 3312 3402 3352 narem
3438 3297 3682 3350 Castoris
3705 3310 3820 3366 per-

2219 3393 2406 3447 cussit.
2441 3391 2538 3447 Ille
2587 3393 2874 3462 deplorare
2922 3401 2977 3446 et
3023 3391 3279 3460 conqueri
3328 3387 3472 3458 apud
3520 3388 3817 3446 Cmsarem.

2221 3499 2446 3555 poscere
2485 3493 2542 3538 ut
2579 3485 2794 3555 juberet
2838 3484 3072 3556 aliquem
3115 3484 3218 3539 sibi
3268 3481 3514 3538 dextram
3566 3480 3721 3546 dare,
3755 3481 3818 3534 ita

2219 3591 2280 3631 se
2312 3577 2554 3647 perfugio
2604 3592 2846 3632 usurum.
2875 3575 3060 3632 Ctesar
3107 3575 3342 3646 Josepho
3385 3575 3610 3628 mandat
3658 3588 3815 3640 nego-

2223 3672 2355 3725 tium
2390 3689 2402 3724 :
2433 3686 2617 3726 verum
2669 3670 2759 3725 ille
2807 3672 2898 3741 qui
2944 3679 3162 3726 caveret
3209 3668 3523 3725 Judasorum
3576 3667 3814 3729 insidias,

2223 3763 2355 3819 nihil
2383 3763 2654 3818 sincermn
2687 3763 2736 3817 in
2768 3777 2833 3818 co
2866 3763 3169 3833 intelligere
3197 3775 3255 3816 se
3283 3759 3586 3829 respondit.
3620 3758 3818 3814 [Encas

2226 3866 2404 3910 tamen
2439 3854 2658 3925 pr0pius
2690 3871 2901 3910 murum
2941 3853 3241 3920 successit,
3269 3861 3324 3908 et
3355 3861 3408 3906 ut
3440 3851 3817 3906 advenientem

2224 3948 2548 4016 susciperet,
2579 3946 2835 4001 occurrit.
2863 3944 2962 4000 Cui
2988 3947 3178 4000 Castor
3205 3943 3530 4008 vociferans,
3563 3954 3621 3997 ut
3646 3945 3818 3997 sinum

2225 4043 2482 4112 aperiret,
2508 4056 2698 4095 aurum
2727 4039 3023 4110 exciperet,
3052 4054 3242 4094 saxum
3271 4038 3496 4092 dimisit.
3531 4036 3629 4092 Ille
3654 4038 3817 4092 oculis

2227 4134 2576 4203 vigilantibus
2626 4132 2860 4202 lapidem
2913 4131 3198 4202 praevidit,
3251 4129 3523 4200 celerique
3577 4128 3817 4199 corporis

2225 4213 2368 4280 saltu
2400 4225 2609 4294 lapsum
2655 4223 2832 4278 evadit
2863 4240 2876 4275 :
2907 4223 3070 4276 alium
3113 4231 3293 4278 tamen
3337 4235 3507 4292 prope
3555 4229 3818 4276 astantem

2227 4316 2342 4370 saxi
2391 4315 2621 4370 involvit
2669 4314 2918 4368 lnnnanis
2980 4312 3157 4368 ruina.
3211 4312 3324 4367 Iloc
3375 4309 3558 4367 Caesar
3608 4313 3818 4367 intuens

2226 4412 2404 4468 acrius
2454 4410 2699 4466 incubuit
2747 4408 2812 4464 ad
2861 4423 3139 4464 murorum
3184 4407 3584 4477 dejectionem,
3631 4407 3818 4478 praeci-

2228 4506 2383 4575 piens
2427 4504 2633 4573 majore
2677 4503 2727 4557 vi
2775 4511 3170 4558 tormentorum
3225 4500 3449 4571 impelli.
3510 4501 3711 4556 Contra
3757 4502 3818 4553 ad

2228 4595 2531 4652 cxurendas
2571 4595 2851 4649 machinas
2879 4593 3031 4664 ignes
3054 4591 3415 4662 jaciebantur.
3448 4591 3555 4646 Sed
3585 4591 3675 4646 ubi
3703 4605 3819 4645 mu-

527 4687 794 4756 equestris
837 4686 1043 4742 militiae
1095 4689 1174 4742 vir
1224 4690 1465 4753 excitus,
1498 4689 1756 4745 adversas
1805 4706 1902 4760 pro
1951 4690 2122 4746 muris
2150 4673 2203 4732 D
2231 4707 2320 4746 rus
2350 4690 2562 4745 solutus
2588 4697 2693 4756 est,
2725 4687 2917 4743 Castor
2959 4702 3082 4742 eum
3109 4687 3219 4741 suis
3247 4685 3398 4755 quasi
3448 4684 3503 4738 in
3538 4685 3719 4754 ignem
3765 4696 3821 4735 se

529 4777 720 4834 videns
770 4776 1082 4833 Judteorum
1140 4788 1430 4845 catervas,
1486 4779 1782 4852 tamquam
1816 4781 2123 4853 indignatus

527 4871 672 4942 quod
724 4872 999 4928 Romanos
1039 4871 1185 4927 bello
1231 4872 1592 4938 lacesserent,
1625 4883 1680 4928 et
1707 4889 1772 4929 ex
1801 4889 1959 4944 aequo
2001 4889 2126 4944 pro-

531 4966 651 5021 dire
679 4966 964 5032 auderent,
991 4964 1210 5020 desiluit
1239 4980 1382 5036 equo
1407 5008 1422 5032 ,
1450 4974 1613 5036 atque
1640 4969 1695 5022 in
1721 4965 1931 5021 medios
1955 4981 2016 5021 se
2043 4967 2125 5021 in-

522 5063 657 5133 jecit
683 5064 887 5118 hostes.
921 5063 988 5118 Et
1017 5078 1182 5117 unum
1216 5063 1244 5099 ι)
1274 5077 1426 5117 more
1464 5063 1581 5132 ipso
1626 5073 1905 5133 parantem
1935 5077 2123 5117 occur-

525 5169 672 5218 rere,
697 5156 807 5209 telo
839 5155 1126 5225 percussit,
1151 5155 1420 5225 simulque
1447 5155 1562 5224 ejus
1590 5170 1774 5211 vocem
1800 5164 1855 5211 et
1882 5157 2117 5211 animam

526 5247 684 5316 rapit.
728 5246 896 5301 Alteri
945 5257 1190 5317 ereptum
1236 5247 1304 5302 de
1353 5261 1584 5316 corpore
1636 5256 1908 5317 prostrato
1951 5247 2118 5302 telum

525 5341 718 5412 lnfigit,
749 5349 806 5396 et
856 5340 923 5396 ad
970 5356 1098 5397 suos
1141 5342 1315 5397 victor
1343 5355 1464 5396 sese
1505 5342 1731 5412 recepit.
1771 5341 1844 5395 De
1871 5341 2121 5411 praecuti-

525 5435 777 5491 nentibus
807 5435 1078 5505 loquimur
1107 5453 1119 5490 :
1153 5444 1409 5490 Caeterum
1447 5435 1602 5490 ntulti
1648 5436 1946 5491 imitatores
1973 5446 2121 5491 utra-

519 5543 626 5600 que
672 5544 739 5584 ex
784 5537 958 5599 parte,
991 5528 1088 5585 sed
1136 5527 1350 5585 diverso
1394 5543 1593 5599 genere
1626 5545 1638 5580 :
1671 5527 1874 5584 Judmis
1921 5528 2118 5600 despe—

521 5625 662 5680 ratio
704 5622 991 5682 audaciam
1035 5623 1236 5694 dabat,
1292 5623 1553 5684 Romanis
1609 5625 1798 5698 glorite
1853 5625 2118 5700 cupiditas

591 5797 616 5858 ξ
664 5787 865 5858 Yalide.
894 5789 1068 5858 Buta.

587 5851 614 5890 ι)
657 5854 722 5909 In
750 5857 855 5912 ore.
887 5855 962 5912 In.

2227 4782 2445 4851 dejecit,
2477 4779 2604 4835 dolo
2634 4787 2939 4851 praetexens
2969 4779 3132 4834 animi
3152 4775 3580 4842 magnitudinem
3613 4777 3665 4830 in
3695 4790 3822 4830 con-

2229 4885 2435 4945 temptu
2465 4873 2677 4941 mortis,
2698 4888 2820 4928 eum
2859 4871 2987 4926 dolo
3016 4870 3158 4940 turpi
3189 4869 3309 4924 vita:
3336 4867 3532 4939 effugia
3561 4874 3816 4938 captaret.

2826 4961 3058 5019 CAPUT
3087 4960 3226 5016 XIV.

2299 5062 2585 5133 Unusjam
2613 5075 2823 5124 murus,
2876 5057 2978 5112 hoc
3009 5066 3091 5111 est
3123 5054 3314 5110 tertius
3346 5063 3666 5124 supererat,
3697 5053 3818 5108 sub—

2227 5156 2400 5211 versis
2427 5155 2679 5217 duobus;
2739 5151 2917 5206 adhuc
2946 5159 3124 5204 tamen
3170 5147 3354 5202 Cazsar
3385 5147 3698 5202 reservabat
3729 5160 3819 5215 pa.

2228 5248 2506 5313 tientiam,
2535 5246 2626 5315 qui
2667 5243 2982 5298 adverterat
3021 5241 3134 5311 jam
3175 5237 3278 5293 sibi
3306 5239 3490 5308 perire
3515 5279 3530 5303 ,
3561 5232 3815 5306 quidquid

2227 5342 2476 5411 perisset.
2503 5339 2640 5393 Dum
2663 5336 2866 5406 parcit,
2890 5343 2946 5389 et
2971 5339 3233 5404 provocat
3259 5330 3326 5384 ad
3350 5328 3686 5384 deditionem
3714 5342 3814 5382 non

2221 5443 2536 5508 exspectato
2581 5431 2819 5502 agmine,
2870 5444 2992 5484 cum
3026 5426 3211 5496 paucis
3253 5425 3470 5480 irruens
3516 5437 3679 5494 supra
3706 5435 3814 5476 mu-

2221 5549 2342 5590 rum
2369 5527 2670 5587 secundum
2701 5567 2714 5588 ,
2765 5531 3093 5594 congregata
3125 5536 3286 5574 manu
3317 5517 3491 5573 Judaei
3543 5517 3599 5572 in
3631 5525 3812 5584 angus-

2224 5629 2315 5688 tiis
2347 5623 2615 5700 plurimos
2636 5619 3021 5678 sauciaverunt
3053 5635 3064 5671 :
3096 5616 3342 5688 plerique
3372 5615 3541 5672 etiam
3570 5611 3810 5678 utrinque

2301 5809 2323 5834 ε
2374 5795 2586 5850 Novem.
2617 5790 2884 5864 Iosephus
2913 5789 3106 5843 decem.
3145 5787 3216 5843 In.

2297 5866 2321 5903 δ
2360 5867 2522 5920 Dum
2535 5883 2575 5920 ι’.
2604 5866 2674 5919 In.
