3948 6316
132 235 306 294 2145

1021 236 1292 300 HISTOR.
1335 239 1424 297 DE
1471 238 1750 299 EXCIDIO
1790 237 2066 304 HlEROS.
2108 243 2312 307 URBlS
2351 245 2481 308 LIB.
2522 247 2590 308 γ.

3336 258 3484 320 2146

133 375 380 431 morm.
413 373 564 430 Tunc
612 371 797 432 cmsar
843 377 1055 434 eminus
1102 381 1314 451 saginis
1346 380 1546 452 ﬁgebat
1588 380 1755 434 rosis,
1786 362 1833 420 Λ
1862 360 2038 416 audiri
2065 364 2340 433 profutura
2366 365 2581 423 civibus
2606 372 2737 424 nolo
2755 366 2855 424 sibi
2907 368 3149 443 alloquio
3170 385 3471 446 proseque-

136 479 339 524 tentes
367 488 380 524 :
413 469 555 524 inter
584 469 862 525 confertos
882 470 1061 541 jacula
1093 488 1360 544 nusquam
1387 473 1764 538 eludebantur,

130 561 340 616 nullus
371 560 512 616 ictus
543 563 664 617 sine
702 563 950 618 vulnere.
986 564 1077 620 Sic
1122 580 1405 621 removere
1434 580 1556 621 sese
1592 565 1766 621 Judmi

133 667 380 724 coepere
410 670 424 709 :
454 663 510 710 et
533 653 690 708 Titus
719 668 850 709 suos
877 656 1108 726 recepit.
1145 655 1217 710 Et
1243 654 1418 712 fames
1441 657 1552 724 jam
1577 656 1767 711 urbem

130 747 396 820 graviter
453 747 774 826 incesserat:
820 746 998 802 Judaei
1041 757 1221 804 tamen
1277 764 1378 819 pro
1428 747 1762 812 victoribus,

132 839 285 910 quia
327 853 387 894 se
440 839 580 893 intra
609 837 908 894 secundum
939 855 1154 894 murum
1211 850 1573 912 receperant,
1601 840 1766 912 'quasi

132 931 398 1002 expulsis
449 930 711 986 Romanis
759 931 1136 1002 gloriabantur
1187 951 1200 986 :
1248 933 1345 988 sed
1391 949 1569 1003 neque
1613 933 1766 1003 lapsa

135 1039 437 1095 reparare,
465 1039 566 1080 nec
587 1023 802 1094 lapsura
823 1025 1106 1080 defensare
1126 1034 1394 1096 poterant.
1418 1025 1767 1082 Restiterunt

136 1127 339 1174 tamen
372 1117 795 1189 aliquantulum.
851 1118 1153 1189 Pugnatum
1206 1118 1390 1174 triduo
1436 1118 1505 1173 ad
1549 1132 1765 1172 murum

136 1212 485 1267 secundum.
515 1211 720 1277 Quarto
751 1211 840 1265 die
865 1209 1128 1266 virtutem
1161 1210 1462 1265 Romanam
1505 1224 1613 1264 non
1644 1222 1766 1265 sus-

139 1306 396 1359 tinentes
419 1343 435 1370 ,
463 1303 717 1374 refugere
745 1303 887 1357 intra
940 1304 1161 1358 tertium
1193 1318 1432 1358 murum.
1483 1303 1667 1358 Caesar
1697 1303 1766 1358 ab

139 1399 467 1470 irruptione
499 1399 716 1454 interim
744 1399 1034 1468 temperari
1064 1397 1260 1467 jubet,
1307 1397 1551 1453 subverti
1583 1405 1764 1453 tamen

136 1494 418 1564 prmcepil
440 1491 736 1549 secundum
756 1508 990 1547 murum.
1011 1493 1078 1546 Et
1093 1492 1214 1562 quia
1229 1499 1515 1561 superaret
1533 1493 1764 1546 maxima

139 1586 285 1641 belli
317 1586 515 1657 portio,
551 1585 741 1640 statuit
763 1593 824 1640 ut
852 1584 1008 1640 miles
1034 1583 1137 1640 sibi
1171 1583 1505 1638 conveheret
1534 1581 1766 1638 alimen-

141 1688 223 1744 ta,
253 1695 326 1734 ne
348 1681 585 1734 victores
627 1679 808 1748 inepia
859 1685 1097 1750 urgeret,
1147 1677 1392 1733 afficeret
1440 1676 1760 1746 indigentia.

1875 451 2057 508 batur.

2475 551 2708 608 CAPUT
2754 553 2865 610 XV.

1943 640 2178 708 Fuerat,
2216 642 2428 699 llebrtci
2457 686 2473 712 ,
2508 645 2728 701 humani
2751 647 2959 719 ingenii
2989 651 3324 708 contendere
3349 668 3475 724 per-

1870 729 2125 788 tinaciter
2153 743 2280 790 ante
2316 750 2479 806 quam
2511 752 2600 792 res
2631 739 2697 794 ad
2723 753 3042 810 supremum
3073 743 3324 814 veniret,
3349 746 3478 801 dum

1871 827 2068 892 putatis
2117 841 2214 880 vos
2245 826 2365 884 loco
2395 837 2452 883 et
2483 836 2629 886 notae
2657 831 2898 902 regionis
2929 833 3190 889 subsidiis
3233 835 3354 893 fore
3384 852 3479 893 su-

1868 916 2114 984 perieres
2141 934 2154 970 :
2181 917 2309 974 licet
2334 923 2657 977 convenerit
2688 923 2984 992 Romanos,
3017 926 3163 983 bello
3186 928 3478 999 insupera-

1869 1007 2031 1074 bilcs,
2090 1010 2259 1066 armis
2305 1028 2412 1068 non
2457 1015 2778 1084 provocari,
2824 1033 2855 1072 a
2905 1017 3107 1088 quibus
3155 1036 3302 1092 saepe
3345 1022 3477 1078 victi

1869 1111 2028 1168 sunt,
2053 1105 2146 1172 qui
2176 1119 2276 1160 vos
2319 1105 2563 1162 vicerant
2597 1126 2609 1161 :
2639 1109 2734 1165 sed
2767 1119 2945 1167 tamen
2977 1111 3141 1168 habet
3177 1113 3323 1170 hunc
3359 1114 3477 1185 lap-

1867 1208 1987 1248 sum
2032 1197 2340 1266 improvida
2371 1216 2526 1256 mens
2559 1201 2839 1258 hominum
2873 1205 2926 1260 in
2972 1207 3136 1263 rebus
3181 1209 3475 1278 secundis,

1869 1289 2028 1345 simul
2053 1295 2178 1362 quia
2223 1294 2547 1368 plerumque
2574 1297 2700 1354 belli
2733 1298 2933 1355 dubius
2963 1313 3193 1359 eventus
3224 1321 3239 1359 :
3273 1314 3328 1360 et
3351 1305 3476 1361 ideo

1868 1398 1929 1440 se
1982 1389 2354 1459 unusquisque
2405 1389 2432 1427 ἀ
2484 1393 2608 1447 forti
2639 1393 2930 1449 committit
2982 1396 3182 1452 virtute
3227 1398 3475 1456 inferior.

1867 1475 2153 1533 Po~tremo
2183 1480 2252 1536 de
2285 1482 2458 1537 muris
2488 1486 2782 1554 superatis,
2815 1500 2922 1540 non
2954 1489 3160 1556 putatis
3189 1489 3357 1545 etiam
3381 1506 3478 1548 us-

1867 1565 1972 1640 que
2011 1571 2079 1626 ad
2117 1574 2300 1644 templi
2336 1577 2796 1645 progrediendum
2846 1581 3214 1636 eversionem.
3261 1581 3476 1639 Parcite

1871 1663 2010 1728 aris,
2040 1666 2252 1736 parcite
2279 1666 2572 1737 altaribus,
2631 1672 2840 1740 parcite
2881 1671 3158 1729 domicilio
3200 1676 3474 1746 quondam

139 1771 399 1840 Quatuor
419 1771 610 1827 diebus
632 1771 734 1825 sibi
764 1770 920 1825 miles
943 1771 1214 1824 frumenta
1243 1769 1501 1824 convexit
1526 1785 1539 1822 :
1573 1767 1764 1822 simul-
1792 1743 1839 1803 Β
1866 1756 2100 1812 οωιοεῑῖο
2152 1757 2268 1813 ιιθιτι
2314 1761 2457 1816 enim
2493 1777 2591 1816 vos
2642 1772 2699 1818 et
2728 1764 2871 1820 Deus
2903 1765 3018 1836 ipse
3047 1765 3322 1831 deseruit,
3351 1771 3477 1842 quia

138 1881 256 1936 que
283 1864 538 1920 idoneum
568 1863 745 1920 visum
778 1872 861 1918 est
905 1872 1120 1933 tempus
1145 1861 1293 1933 quod
1321 1861 1491 1916 Judaei
1515 1902 1530 1928 ,
1579 1861 1624 1915 si
1656 1860 1762 1916 sibi

143 1958 551 2023 consulerent,
617 1966 1092 2012 converterentur.
1147 1957 1212 2010 Et
1258 1955 1496 2026 populus
1546 1954 1764 2025 quidem

141 2052 433 2119 malebat,
461 2051 557 2107 sed
589 2050 862 2121 principes
901 2049 1187 2106 seditionis
1217 2057 1535 2118 reputantes
1566 2063 1684 2118 qua:
1711 2048 1764 2102 in

143 2146 376 2217 plebem
399 2144 657 2216 gravibus
696 2143 916 2214 ﬂagitiis
945 2151 1434 2214 perpetraverunt;
1466 2142 1595 2197 dum
1643 2141 1765 2197 nul-

147 2239 260 2293 ltnn
297 2239 471 2292 venia:
502 2238 677 2292 locum
716 2245 741 2272 η
771 2246 1091 2306 sperarent,
1147 2235 1327 2304 perire
1357 2249 1479 2289 cum
1509 2234 1763 2289 omnibus

146 2331 342 2388 levius
367 2329 798 2394 arbitrabantur,
822 2343 984 2400 quam
1017 2328 1060 2382 si
1091 2328 1194 2382 soli
1215 2336 1471 2383 auctores
1501 2327 1760 2398 perirent.

147 2427 364 2494 Quinto
393 2425 572 2496 itaque
591 2424 679 2479 die
704 2465 719 2490 ,
748 2424 872 2493 quia
907 2421 1037 2476 nihil
1060 2437 1090 2476 a
1131 2420 1332 2476 Judaeis
1364 2420 1644 2491 pacificum
1671 2418 1767 2485 de-

148 2521 460 2589 ferebatur,
490 2517 707 2591 gentino
728 2516 944 2588 agmine
971 2517 1155 2571 Caesar
1177 2515 1379 2572 mtenia
1403 2515 1719 2588 aggreditur
1748 2529 1761 2568 :

150 2625 206 2670 et
229 2615 379 2670 duos
408 2629 632 2684 aggeres
660 2611 835 2667 attolli
884 2611 1151 2678 imperat,
1181 2626 1345 2664 unum
1375 2620 1564 2664 contra
1593 2607 1766 2664 Anto-

153 2707 307 2763 niam
333 2749 351 2774 ,
380 2706 614 2762 alterum
647 2715 834 2760 contra
880 2717 1090 2757 murum
1124 2702 1214 2771 qui
1247 2709 1367 2756 erat
1390 2709 1577 2756 contra
1603 2699 1767 2755 Joan-

155 2799 242 2854 nis
299 2797 637 2868 sepulcrum.
672 2797 750 2850 Eo
806 2793 951 2852 enim
983 2793 1305 2864 [snperioris
1355 2791 1502 2846 urbis
1553 2789 1765 2847 excidia

156 2889 185 2928 ι’
221 2890 454 2961 petebat
487 2907 501 2943 :
534 2889 628 2944 illo
655 2896 834 2943 autem
887 2887 1094 2952 altero,
1129 2885 1175 2941 si
1204 2893 1440 2941 castrum
1489 2899 1767 2953 evpugna-

156 2983 332 3039 tisset
356 3023 373 3050 ,
408 2983 571 3038 etiam
623 2980 825 3051 templo
855 2978 1017 3035 facile
1069 2979 1356 3049 potiretur.
1389 2975 1547 3043 Quod
1577 2976 1678 3030 nisi
1713 2976 1767 3030 in

155 3091 316 3131 suam
379 3081 704 3146 potestatem
738 3072 1068 3135 deduceret,
1120 3071 1284 3126 etiam
1335 3068 1525 3123 urbem
1579 3075 1766 3123 tenere

1868 1863 1963 1903 vos
1991 1850 2210 1920 pietatis
2235 1853 2814 1919 cultumfdesernistis.
2850 1856 2908 1913 ln
2939 1859 3122 1915 m’edio
3147 1863 3332 1934 templi
3365 1863 3480 1919 bel-

1869 1940 1979 1996 lum
2011 1945 2352 2013 pertulimus,
2378 1947 2693 2004 circumfusi
2722 1951 2872 2020 ignes
2896 1952 3158 2023 templum
3181 1954 3474 2010 oberrant:

1866 2033 1964 2088 sed
1999 2049 2104 2090 non
2135 2037 2326 2106 quales
2355 2039 2632 2107 solebant,
2659 2041 3080 2100 circumsistunt
3108 2047 3328 2102 armati.
3358 2047 3475 2103 Ad-

1868 2126 1977 2180 huc
2011 2137 2189 2184 tamen
2221 2146 2390 2201 puras
2421 2148 2451 2187 a
2489 2135 2778 2204 sacrilegio
2811 2152 3004 2193 manus
3033 2139 3331 2208 habentes,
3386 2155 3480 2197 voc

1869 2219 1988 2274 lunt
2012 2220 2243 2276 Romani
2271 2239 2494 2293 parcere
2510 2267 2525 2292 ,
2551 2241 2651 2281 nec
2668 2242 2853 2283 sacros
2871 2231 3246 2290 contaminare
3267 2241 3477 2304 postes,

1871 2326 1972 2368 nec
1993 2322 2206 2369 veteres
2231 2316 2453 2372 abolere
2471 2317 2628 2384 ritus,
2658 2320 2705 2374 si
2733 2335 2832 2376 vos
2850 2321 3043 2379 sinatis
3069 2341 3083 2378 :
3104 2323 3232 2396 quid
3250 2341 3481 2398 exspec-

1872 2412 2017 2458 tatur
2045 2405 2277 2460 ulterius
2299 2408 2322 2460 ?
2344 2407 2452 2463 duo
2483 2410 2621 2465 muri
2647 2413 2857 2479 eversi,
2893 2418 3086 2470 tertius
3117 2428 3392 2487 superest,
3423 2427 3481 2475 et

1870 2495 1987 2564 ipse
2015 2497 2283 2553 infirmior
2315 2500 2482 2570 lapsis
2505 2500 2742 2557 duobus.
2774 2505 2856 2559 An
2884 2506 3201 2574 praesidium
3227 2518 3482 2580 speratur

1869 2588 2139 2659 divinum,
2179 2600 2344 2664 atque
2376 2594 2640 2649 auxilium
2673 2596 2740 2650 de
2787 2598 3193 2666 penetralibus?
3220 2601 3328 2657 Sed
3379 2603 3474 2674 qui

1870 2695 1970 2736 nos
2001 2681 2357 2751 defendebat,
2384 2685 2450 2738 ad
2480 2685 2690 2742 hostem
2709 2688 2963 2758 migravit
2995 2708 3007 2744 :
3032 2691 3291 2762 quoniam
3311 2707 3474 2763 quem

1871 2787 1972 2828 nos
2001 2773 2334 2841 colebamus,
2361 2775 2592 2832 Romani
2626 2787 2974 2844 venerantur,
3001 2797 3100 2836 nos
3125 2782 3472 2841 offendimus.

1869 2865 2002 2933 Quis
2049 2878 2233 2923 autem
2266 2867 2480 2939 ignorat
2519 2884 2643 2926 cum
2684 2871 2794 2927 illis
2837 2887 2960 2929 esse
3008 2875 3204 2943 Deum,
3239 2878 3332 2950 qui
3370 2878 3476 2938 sibi

1869 2961 2051 3017 omnia
2077 2963 2424 3034 subjecerunt
2445 3004 2460 3030 ,
2491 2966 2592 3020 nisi
2625 2981 2745 3036 qua:
2775 2967 2944 3024 nimio
2960 2977 3097 3025 testu
3129 2979 3225 3026 aut
3243 2972 3366 3044 gelu
3389 2974 3475 3030 in-

1871 3055 1958 3107 via
1993 3055 2159 3110 sunt?
2189 3056 2255 3110 Et
2285 3056 2408 3112 ideo
2453 3065 2604 3112 extra
2633 3057 2939 3114 Romanum
2972 3060 3286 3132 imperium,
3324 3074 3348 3103 ο
3380 3067 3473 3136 qui

157 3183 266 3223 non
301 3130 516 3237 peierat
537 3167 654 3221 sine
696 3163 959 3235 periculo.
986 3162 1254 3218 Diviserat
1283 3159 1439 3215 Titus
1461 3158 1761 3214 exercitum
1790 3130 1835 3193 (ἶ
1868 3147 2058 3202 eadem
2091 3158 2242 3203 extra
2272 3164 2429 3204 usum
2463 3149 2755 3206 humanum
2795 3151 3030 3208 diversis
3062 3155 3276 3224 pepulis
3307 3156 3472 3214 Deum

160 3259 216 3314 in
242 3257 390 3313 duos
411 3256 651 3312 ordines.
681 3255 724 3310 E
753 3255 972 3310 diverso
999 3267 1216 3324 quoque
1243 3251 1634 3307 distribuerant
1661 3249 1764 3304 sibi

160 3354 406 3411 Joannes
429 3363 485 3409 et
522 3353 712 3409 Simon
743 3349 920 3406 oflicia
951 3347 1311 3404 defensionis.
1346 3345 1637 3400 Antoniam
1667 3342 1764 3398 de-

161 3449 415 3505 fensabat
437 3446 698 3511 Joannes,
732 3444 921 3500 Simon
943 3457 1066 3497 cmn
1098 3441 1322 3494 armatis
1338 3436 1452 3492 suis
1479 3447 1534 3493 et
1564 3435 1765 3506 populo

161 3541 528 3598 Idumaaorum
574 3539 641 3593 ad
695 3536 1006 3607 sepulcrum
1064 3531 1294 3588 Joannis
1340 3528 1763 3599 speculabatur;

161 3640 328 3704 atque
361 3646 552 3687 omnes
568 3628 932 3686 obsidentium
963 3631 1195 3680 conatus
1225 3623 1292 3678 de
1320 3620 1591 3692 superiori
1617 3619 1762 3686 loco,

162 3728 364 3798 quibus
383 3732 598 3797 poterat
619 3721 908 3794 generibus
928 3717 1206 3774 eludebat.
1242 3715 1311 3770 Et
1351 3714 1466 3784 jam
1495 3710 1766 3768 exercita-

166 3821 336 3876 tiores
376 3829 554 3884 erant,
588 3816 748 3872 malis
777 3812 955 3870 edocti
989 3825 1281 3867 occurrere
1309 3807 1576 3862 machinis
1615 3804 1767 3861 obsi-

166 3910 382 3978 dionis;
428 3913 690 3982 pluraque
731 3922 933 3980 genera
975 3905 1083 3960 sibi
1130 3911 1524 3959 tormentorum
1576 3909 1630 3955 et
1662 3897 1767 3968 ipsi

166 4004 537 4069 adsciverunt,
565 4002 762 4074 quibus
788 4000 1161 4054 Romanorum
1190 4009 1360 4065 opera
1390 3993 1763 4055 destruerent,

168 4110 348 4169 empta
393 4097 740 4168 impedirent.
773 4094 1015 4162 Quorum
1045 4088 1231 4145 Cmsar
1255 4086 1549 4143 advertens
1575 4083 1767 4154 praeei-

168 4192 335 4261 pitem
383 4189 756 4262 pertinaciam,
807 4185 1111 4241 admiscere
1141 4181 1403 4252 operibus
1450 4191 1763 4233 sermonem

169 4283 377 4350 voluit,
405 4298 472 4339 ne
504 4282 642 4336 forte
669 4275 1054 4347 desperatione
1081 4274 1258 4329 venire
1292 4269 1633 4342 pervicacius
1667 4268 1764 4322 ob-

172 4377 496 4443 niterentur,
524 4391 588 4430 ac
634 4387 731 4444 spe
762 4370 1156 4442 promissorum
1211 4373 1430 4436 possent
1473 4362 1759 4418 desistere.

172 4467 412 4526 Suadere
458 4469 642 4540 itaque
688 4463 893 4535 εωρίῑ,
946 4476 1016 4516 ne
1044 4475 1105 4514 se
1147 4467 1322 4528 capta:
1349 4455 1502 4512 urbis
1529 4453 1760 4510 excidiis

173 4558 531 4628 involverent,
558 4557 1042 4630 permitterentque
1067 4566 1187 4607 eam
1209 4565 1322 4605 sua:
1344 4547 1624 4621 potestati,
1643 4561 1764 4617 quae

174 4656 340 4710 armis
393 4655 504 4726 jam
560 4659 862 4715 teneretur,
919 4655 977 4702 et
1024 4643 1431 4702 circumvallata
1485 4639 1768 4696 obsidione

178 4756 513 4816 premeretur
559 4743 628 4799 ad
658 4741 932 4800 excidium
972 4751 1288 4808 supremum
1309 4775 1323 4801 ,
1355 4731 1680 4789 cedentibus
1708 4745 1772 4786 se

175 4843 385 4897 veniam
416 4841 670 4896 daturum
706 4854 720 4892 :
752 4836 798 4891 si
838 4831 1002 4888 modo
1032 4830 1116 4886 vel
1161 4828 1265 4884 sibi
1295 4825 1387 4881 vel
1417 4824 1605 4896 patriae
1635 4839 1771 4878 con-

177 4933 444 5002 sulerent,
476 4948 546 4988 ne
575 4939 687 4987 tota
713 4927 910 4984 civitas
937 4925 1274 4980 dirueretur.
1297 4918 1522 4974 Mandat
1549 4930 1770 4987 quoque

178 5024 442 5100 Josepho,
474 5036 535 5083 ut
565 5026 684 5097 ipse
715 5022 891 5094 patrio
911 5031 1168 5076 sermone
1195 5015 1344 5072 cives
1375 5013 1765 5083 alloqueretur,

185 5129 207 5156 ο
236 5130 290 5175 ιιι
322 5121 457 5176 forte
478 5114 813 5177 contribules
834 5126 964 5168 suos
983 5111 1066 5166 vel
1098 5111 1216 5179 ipse
1238 5107 1560 5169 inllecteret,
1591 5111 1653 5157 ut
1680 5101 1769 5156 fu-

180 5213 287 5266 rori
317 5211 535 5284 proprio
556 5207 959 5266 renuntiarent.
983 5201 1089 5270 Qui
1106 5200 1234 5256 licet
1259 5197 1426 5254 effusa
1451 5194 1767 5250 Judaeorum

182 5299 238 5357 in
266 5318 324 5359 se
352 5305 476 5360 odia
504 5303 777 5367 novisset,
828 5307 1008 5352 tamen
1036 5303 1297 5363 quantum
1328 5305 1356 5343 a
1375 5289 1526 5358 jactu
1555 5286 1770 5356 sagitta:

184 5392 392 5468 longius
417 5405 660 5469 poterat,
690 5399 935 5450 remotus
955 5405 986 5444 a
1013 5385 1207 5452 muris,
1236 5384 1309 5438 ita
1338 5395 1471 5437 vero
1502 5387 1561 5436 ut
1586 5386 1774 5450 posset

255 5592 279 5656 ξι
311 5584 554 5656 Spei-ant.
585 5582 757 5656 Buta.

253 5648 279 5692 δ
305 5648 576 5713 Petebant.
608 5655 684 5710 In.

259 5736 280 5764 ε
313 5728 370 5784 Si
394 5731 542 5800 forte.
579 5726 657 5784 ID.

1870 3254 1968 3310 per
1994 3241 2142 3296 vices
2169 3241 2381 3299 dedisse
2419 3244 2719 3314 potentiam
2769 3263 2784 3301 :
2817 3246 2992 3316 primo
3022 3245 3317 3321 Egyptiis,
3352 3260 3473 3320 post

1868 3331 2092 3398 Judazis,
2112 3333 2350 3406 Assyriis
2370 3351 2592 3420 quoque
2613 3347 2668 3392 et
2687 3335 2872 3392 Persis
2893 3340 3268 3397 auxiliatorem
3300 3341 3473 3399 fuisse

1869 3425 2048 3480 nullus
2100 3438 2259 3497 negat
2291 3445 2304 3481 :
2338 3439 2525 3498 postea
2555 3444 2880 3485 conversum
2910 3431 2978 3486 ad
3013 3431 3314 3502 Romanos,
3347 3451 3471 3492 cum

1868 3516 1953 3573 his
1977 3534 2329 3588 perseverare
2351 3538 2363 3576 :
2385 3521 2619 3594 denique
2641 3525 2874 3581 cessisse
2896 3525 3266 3584 illisuniversa
3282 3545 3470 3602 regna,

1870 3624 2087 3667 omnem
2120 3622 2316 3668 terram
2347 3615 2400 3668 in
2429 3617 2832 3685 possessionem
2879 3618 3080 3676 datam.
3123 3622 3265 3689 Quid
3311 3624 3466 3681 vobis

1866 3717 1988 3759 cum
2020 3704 2312 3761 victoribus
2335 3706 2598 3764 universa:
2628 3717 2810 3777 terrm,
2843 3711 3040 3781 quibus
3071 3723 3284 3770 secreta
3311 3730 3473 3770 ocea-

1869 3797 1951 3862 ni,
1984 3807 2036 3852 et
2054 3809 2297 3854 extrema
2331 3799 2497 3854 India:
2545 3803 2780 3871 parent?
2807 3803 2945 3870 Quid
2977 3813 3214 3862 attexam
3262 3807 3472 3866 Britan-

1869 3889 2015 3954 nias,
2041 3889 2306 3945 interfuso
2334 3891 2470 3946 mari
2497 3908 2526 3945 a
2553 3901 2668 3947 toto
2708 3894 2842 3950 orbe
2869 3896 3094 3964 divisas,
3124 3909 3181 3955 et
3207 3915 3236 3954 a
3263 3901 3468 3958 Roma-

1868 3980 1955 4036 nis
1980 3981 2033 4036 in
2061 3982 2248 4038 orbem
2271 3991 2540 4038 terrarum
2573 3984 2862 4041 redactas?
2892 3987 3100 4044 Tremit
3123 3989 3223 4046 hos
3245 3992 3427 4048 Scotia
3451 4035 3466 4060 ,

1866 4089 1990 4145 qua:
2024 4076 2182 4129 terris
2213 4072 2563 4131 nihildebct:
2598 4078 2780 4133 tremit
2810 4078 3046 4137 Saxonia
3070 4081 3345 4143 inaccessa
3374 4101 3468 4157 pa-

1867 4164 2107 4230 ludibus,
2139 4174 2194 4222 et
2242 4165 2402 4222 inviis
2431 4177 2583 4239 septa
2630 4172 2957 4241 regionibus.
3007 4175 3138 4243 Quae
3173 4177 3300 4235 licet
3339 4181 3468 4239 belli

1866 4273 2056 4314 curam
2085 4259 2335 4316 videatur
2382 4275 2619 4333 augere.
2666 4271 2722 4319 et
2760 4265 2873 4336 ipsa
2903 4265 3223 4340 frequenter
3251 4275 3468 4345 captiva

1866 4349 2125 4406 Romanis
2177 4353 2410 4409 accessit
2455 4355 2747 4425 triumphis
2795 4376 2810 4412 :
2855 4359 3246 4418 validissimum
3297 4381 3469 4436 genus

1867 4440 2146 4499 hominum
2180 4443 2520 4515 perhibetur,
2545 4456 2811 4516 praestans
2837 4451 3052 4508 caeteris
3083 4471 3097 4508 :
3121 4455 3366 4524 piraticis
3391 4470 3472 4515 ta-

1870 4548 1996 4588 men
2045 4535 2470 4605 myoparonibus
2498 4551 2604 4592 non
2647 4538 2852 4594 viribus
2881 4543 3090 4610 nititur,
3123 4545 3260 4617 fuga:
3288 4548 3468 4618 potius

1869 4641 2029 4697 quam
2082 4627 2226 4682 bello
2272 4635 2481 4696 parata.
2524 4627 2630 4684 Sed
2678 4629 2926 4700 refertis,
2974 4635 3115 4690 mori
3166 4647 3470 4708 praestare,

1869 4734 2030 4788 quam
2063 4718 2370 4775 libertatem
2415 4720 2686 4777 amittere.
2720 4721 2946 4791 Quando
2987 4726 3142 4784 vobis
3166 4729 3266 4785 ista
3293 4729 3472 4790 Judaei

1869 4813 2131 4868 successit
2167 4812 2474 4869 sententia?
2500 4821 2595 4868 aut
2621 4815 2842 4885 quando
2870 4819 3013 4888 apud
3040 4819 3301 4880 Hebraeos
3322 4819 3472 4884 utilis

1870 4906 1972 4963 fuit
2016 4908 2278 4974 servitus,
2333 4905 2576 4964 libertati
2617 4909 2793 4965 inutili
2845 4926 2954 4968 non
2997 4915 3263 4985 praelata?
3300 4919 3470 4978 Jacob

1870 5001 1987 5072 ipse
2033 5001 2341 5072 patriarcha
2383 5001 2436 5055 in
2475 5000 2771 5074 Egyptum
2822 5003 3046 5062 deduxit
3088 5008 3347 5068 Hebrteos
3401 5029 3472 5070 ne

1871 5095 2115 5164 perirent
2140 5092 2306 5150 fame.
2341 5093 3114 5171 Descenderuntpatriarcbte,
3147 5103 3308 5160 simul
3337 5105 3474 5163 duo-

1872 5187 2048 5243 decim
2076 5187 2168 5242 lilii
2195 5187 2346 5258 ejus,
2371 5187 2634 5258 przeclara
2664 5187 2754 5244 illa
2773 5191 2994 5261 generis
3019 5197 3197 5252 nostri
3223 5200 3466 5257 exordia.

1872 5277 2144 5335 lbiJudas
2188 5278 2281 5334 ille
2317 5278 2520 5334 nobilis
2566 5277 2879 5337 Judaeorum
2927 5288 3204 5358 prosapia,
3252 5291 3342 5360 qui
3371 5307 3472 5348 no-

1872 5388 1996 5431 men
2050 5373 2249 5446 populo
2309 5371 2480 5429 dedit.
2529 5371 2609 5428 Ibi
2653 5374 2858 5447 Joseph
2903 5391 3068 5436 curru
3120 5381 3372 5440 sublimis
3412 5395 3471 5444 et

1955 5553 1981 5596 ιι
2012 5557 2176 5615 Serti.
2204 5555 2284 5613 In.

1880 5629 2151 5758 δείξαίῖῗὲ
2195 5626 2425 5684 adven“
2459 5630 2668 5702 “pum
2708 5631 2850 5692 Dm
2875 5651 2968 5708 per
3006 5637 3136 5695 vim
3186 5639 3469 5711 potentiam
