3948 6332
493 212 638 279 ait?

1825 206 2075 310 SANCTI
2115 211 2445 280 AMBROSII

3703 223 3762 283 ει
3781 226 3825 285 ιι

494 343 648 413 equis
673 381 687 407 ,
726 337 999 410 subjicere
1033 351 1092 395 se
1130 338 1181 393 in
1223 331 1547 408 potestatem
1591 336 1809 404 maluit,
1851 346 1912 392 ut
1939 339 2109 394 aleret
2138 341 2185 401 Α
2214 347 2375 402 amici
2401 386 2416 409 ,
2441 345 2534 418 qui
2562 345 2851 402 Persarum
2884 345 3028 404 servi
3077 347 3280 405 fuistis,
3310 347 3425 406 sed
3467 362 3686 405 rursus
3729 364 3826 401 ms-

487 451 646 501 suos,
675 449 836 505 quam
869 434 935 488 ad
980 431 1210 502 originis
1250 430 1487 501 proprias
1531 429 1843 485 libertatem
1893 431 2096 486 redire.

494 528 572 583 lbi
608 528 883 598 Beniamin
923 526 1010 595 pia
1041 525 1230 579 fraude
1258 523 1500 593 germani
1536 532 1782 579 retentus
1805 565 1818 587 ,
1871 538 2103 578 consen-

495 623 568 676 sit
611 622 737 676 dolo
771 637 784 673 :
819 620 945 689 quia
994 634 1100 672 non
1135 625 1256 673 erat
1286 618 1498 672 crimen
1531 615 1748 671 servire
1779 613 2104 684 potentiori-

501 716 624 768 bus.
676 712 753 766 lbi
788 711 1077 766 litereditas
1108 725 1334 776 eorum,
1369 723 1493 764 cum
1538 717 1832 764 vocaretur
1859 723 1887 760 a
1919 705 2102 772 Mose,

499 818 677 862 tamen
703 806 914 861 haerere
934 805 1306 860 desiderabat.
1334 803 1425 859 Sic
1453 802 1699 874 patribus
1721 801 1920 856 vestris
1939 800 2102 855 etiam

496 901 629 956 dura
661 900 902 957 servitus
929 915 1034 955 non
1065 898 1425 970 displicebat,
1475 907 1528 952 ut
1558 896 1825 957 periculis
1854 893 2102 950 antefer-

499 1004 670 1048 retur.
709 993 967 1049 Scrvistis
983 1007 1114 1062 ergo
1134 990 1406 1063 [Egyptiis
1427 1033 1439 1056 ,
1459 1002 1622 1061 atque
1657 989 1866 1044 utinam
1896 985 2103 1044 semel!

500 1086 606 1141 Sed
641 1099 747 1139 non
778 1085 955 1138 solum
990 1093 1120 1138 tunc
1139 1083 1428 1150 servistis,
1457 1081 1676 1151 quando
1702 1081 1948 1138 cmlestis
1967 1093 2108 1134 escas

505 1180 707 1250 pluviis
737 1179 1056 1233 alimoniam
1087 1177 1368 1233 servitutis
1391 1182 1657 1232 extreme
1686 1171 2061 1245 praeferebatis
2089 1189 2106 1224 ξ

507 1273 605 1327 sed
639 1273 801 1327 etiam
833 1280 1025 1340 postea
1074 1271 1200 1324 victi
1233 1276 1398 1338 atque
1428 1268 1627 1338 captivi
1659 1265 2025 1323 descendistis
2056 1264 2108 1317 in

497 1365 814 1436 IEgyptum,
849 1378 974 1419 cum
998 1363 1257 1434 Assyrios
1281 1361 1625 1430 refugeretis.
1659 1360 1920 1415 Servistis
1947 1358 2109 1413 etiam

497 1457 740 1528 Asvyriis
772 1470 870 1524 per
906 1455 1077 1509 multa
1107 1467 1375 1508 annorum
1424 1451 1725 1518 curricula,
1761 1459 1818 1506 et
1840 1450 2016 1506 dulcis
2049 1449 2113 1524 il-

499 1549 547 1603 la
601 1549 842 1603 servitus
891 1556 1032 1603 erat.
1068 1546 1327 1604 Servistis
1372 1546 1786 1611 Macedonibus,
1822 1544 2039 1609 Persis,
2084 1552 2111 1579 ⁸

499 1642 928 1700 Seleucensibus
955 1683 971 1709 ,
1021 1641 1327 1696 Palaestinis
1369 1659 1383 1698 :
1438 1641 1588 1696 solos
1634 1639 1911 1694 Romanos
1954 1637 2113 1692 vobis

2205 439 2384 494 luistis
2407 454 2588 510 regem
2608 438 2812 496 habere
2831 483 2844 505 ,
2870 455 3029 511 quam
3054 439 3080 478 ά
3105 441 3457 498 sacerdotum
3487 441 3822 512 principem,

2200 533 2289 588 cui
2342 534 2572 604 populus
2603 534 3045 602 obtemperaret,
3091 551 3211 591 cum
3243 537 3462 592 stevitia
3505 546 3826 592 vestrorum

2205 640 2392 696 regum
2422 634 2570 681 esset
2600 626 2965 682 intolerabilis
3005 646 3019 682 :
3063 627 3320 684 defuncto
3363 627 3624 695 Herode,
3681 630 3827 699 pulsa

2205 716 2513 781 Archelao,
2544 717 2645 774 sub
2687 719 2902 774 Caesare
2930 734 3054 775 esse
3105 719 3351 783 Bouiano
3404 720 3828 792 postulavistis.

2206 807 2530 863 Tradidistls
2561 824 2657 862 vos
2686 809 2891 866 Cmsari
2930 812 3014 866 cui
3065 813 3314 868 servistis
3344 828 3545 868 omnes
3578 814 3658 868 ad
3718 830 3828 868 mu-

2209 901 2431 955 tandum
2463 902 2514 955 lu
2547 902 2740 957 melius
2771 903 3078 958 servitium.
3107 905 3478 962 [tt-communi
3508 905 3676 962 enim
3710 921 3832 961 ron-

2205 993 2414 1049 ditione
2445 995 2825 1051 universorum
2870 999 3096 1064 servire,
3123 998 3372 1068 quaedam
3406 999 3655 1054 libertas
3689 1009 3775 1055 est
3818 1016 3830 1050 :

2210 1085 2466 1154 quoniam
2498 1085 2759 1157 dignitate
2801 1087 3198 1144 dominantium
3248 1091 3628 1146 honestantur
3680 1091 3834 1144 obse-
3912 1077 3913 1080 “

2211 1176 2337 1245 quia
2370 1191 2651 1232 servorum
2683 1197 2696 1234 :
2729 1193 3051 1250 quamquam
3099 1181 3332 1236 Romani
3361 1183 3706 1237 servitutem
3733 1197 3829 1236 non

2212 1269 2432 1338 exigant
2453 1278 2704 1324 auctores
2734 1271 3023 1334 libertatis,
3057 1273 3180 1342 quia
3213 1288 3321 1328 non
3347 1273 3528 1328 solum
3558 1276 3829 1329 immitem

2214 1369 2396 1424 regem
2450 1372 2744 1428 necarunt,
2800 1365 2895 1420 sed
2955 1365 3119 1420 etiam
3174 1367 3472 1436 superbum
3527 1384 3646 1421 non
3694 1368 3830 1438 passi

2215 1461 2341 1506 sunt
2367 1468 2382 1516 ;
2405 1465 2458 1508 et
2491 1454 2611 1508 ideo
2640 1466 2928 1526 augustum
2953 1460 3093 1526 apud
3120 1474 3214 1514 eos
3239 1475 3439 1516 nomen
3464 1471 3551 1516 est
3584 1463 3826 1532 imperii,

2215 1545 2358 1612 quod
2387 1556 2581 1616 augeat
2609 1561 2738 1602 suos
2762 1589 2776 1614 ,
2826 1563 2933 1604 non
2962 1551 3104 1621 qttod
3131 1553 3340 1608 alienos
3375 1555 3694 1624 Opprimat.
3730 1553 3828 1610 Sed

2215 1648 2334 1688 esto
2358 1677 2372 1701 ,
2398 1638 2472 1691 sit
2493 1639 2628 1694 utile
2661 1641 2814 1694 vobis
2834 1683 2847 1708 ,
2883 1657 2990 1697 non
3016 1644 3236 1699 obedire
3264 1645 3496 1712 imperio
3532 1647 3793 1700 Romanu
3817 1666 3828 1698 :

500 1750 696 1807 graves
747 1737 950 1806 putatis
974 1778 988 1801 ,
1021 1736 1218 1805 quibus
1249 1741 1304 1789 et
1350 1735 1426 1788 illi
1472 1733 1720 1789 serviunt
1741 1773 1754 1792 ,
1785 1731 1983 1802 quibus
2013 1744 2113 1785 vos
2143 1717 2191 1779 Β
2218 1727 2500 1783 videamus
2517 1731 2559 1785 si
2595 1732 2846 1798 liberum,
2872 1735 2916 1788 si
2949 1750 3054 1790 non
3081 1736 3323 1792 exitiale.
3355 1736 3571 1808 Urgent
3602 1753 3707 1794 vos
3731 1739 3829 1793 Ro-

505 1830 878 1885 scrviebatis?
910 1827 1104 1884 Utrum
1131 1830 1294 1897 igitur
1314 1827 1504 1882 odium
1531 1827 1616 1882 his
1657 1827 1874 1882 debetis
1898 1841 1964 1879 an
1995 1839 2118 1893 gra-

508 1922 661 1986 tiam,
693 1921 785 1990 qui
815 1936 909 1976 vos
938 1920 1179 1976 dominis
1210 1921 1406 1975 vestris
1437 1934 1600 1990 pares
1630 1919 1921 1975 fecerunt?
1947 1918 2118 1974 Ultio‘

506 2031 630 2070 nent
663 2017 826 2070 vestri
852 2015 1019 2081 hanc,
1050 2029 1158 2070 non
1189 2014 1581 2069 contumeliam
1629 2019 1801 2083 puto;
1853 2013 1976 2082 quia
2017 2021 2115 2066 vos

504 2107 575 2162 de
596 2108 677 2162 bis
711 2108 1156 2173 vindicaverunt,
1180 2109 1375 2178 quibus
1405 2107 1639 2176 subjecti
1665 2106 1856 2160 eratis.
1880 2104 2116 2160 Servilio

508 2202 776 2270 premitur
803 2200 1096 2270 Assyrius,
1130 2200 1218 2268 qui
1270 2199 1417 2253 Asim
1447 2199 1541 2253 toti
1579 2197 1945 2266 imperitabat.
1981 2196 2120 2251 Arat

511 2293 806 2366 Egyptius
855 2291 1138 2359 Romanis,
1171 2290 1299 2345 ferit
1329 2291 1398 2345 de
1425 2305 1524 2346 suo
1570 2288 1713 2360 quod
1745 2290 1773 2328 ι)
1799 2289 1893 2344 ille
1926 2296 2111 2344 meiat.

507 2386 821 2443 Macedonia
852 2401 975 2455 qua:
1003 2397 1176 2456 usque
1201 2384 1266 2438 ad
1300 2383 1465 2438 Indos
1495 2383 1709 2439 devicta
1756 2381 1980 2438 Perside
2007 2382 2110 2435 im-

509 2480 718 2549 perium
743 2477 1066 2543 diffuderat,
1086 2478 1332 2547 agnoscit
1355 2477 1608 2530 dominos
1635 2491 1773 2547 quos
1801 2474 2111 2545 ignorabat,

508 2584 556 2626 et
593 2573 793 2626 frustra
819 2586 878 2626 se
904 2569 1125 2641 regibus
1158 2572 1272 2625 suis
1297 2570 1650 2626 [Eacidarum
1690 2586 1890 2626 nomen
1941 2570 2116 2639 impo-

507 2666 680 2719 suisse
710 2665 1104 2719 reminiscitur.
1135 2661 1298 2718 Certe
1326 2678 1435 2717 non
1460 2663 1593 2716 alias
1616 2663 1877 2726 cessisse,
1913 2662 2012 2716 nisi
2048 2659 2116 2716 ad

512 2758 886 2812 Romanorum
941 2755 1316 2825 triumphum,
1369 2755 1567 2824 quibus
1612 2763 1666 2809 ct
1709 2755 1825 2824 ipse
1877 2753 2118 2825 Pyrrhus

512 2851 772 2905 Achillem
816 2849 1057 2913 sobolis,
1092 2859 1146 2903 et
1181 2849 1488 2918 prosapiam
1539 2855 1596 2903 et
1622 2847 1944 2903 vocabulum
1979 2862 2118 2915 prte-

511 2943 756 3007 fcrrens,
790 2945 967 2996 victus
987 2942 1187 3001 armis.
1221 2943 1294 2995 ita
1326 2957 1385 2996 se
1410 2939 1789 3011 promerendae
1821 2941 1970 3010 pacis
2005 2950 2119 2994 stu-

509 3037 602 3092 dio
655 3037 927 3106 subjecit,
965 3044 1022 3090 ttt
1055 3036 1266 3090 veniam
1324 3044 1562 3104 rogaret.
1617 3033 1749 3088 Nam
1797 3034 1864 3088 de
1917 3033 2117 3088 Paleas-

510 3132 640 3186 tinis
664 3130 793 3202 quid
819 3131 1035 3200 loquar,
1065 3144 1202 3200 quos
1228 3129 1388 3183 unius
1412 3127 1662 3197 praesidis
1695 3135 1936 3197 potestas
1958 3141 2112 3181 coer-

509 3225 631 3278 cet?
655 3223 856 3293 Ingrati
883 3265 897 3287 ,
932 3222 1192 3292 numquid
1226 3237 1331 3276 nou
1364 3232 1546 3276 vestra
1578 3219 1834 3274 nobilitas
1881 3228 1964 3274 est
1991 3233 2113 3274 cum

510 3317 689 3371 Persis
710 3315 954 3371 servire?
982 3315 1086 3369 hoc
1109 3323 1194 3370 est
1220 3315 1364 3369 enim
1390 3313 1598 3367 servire
1625 3312 1910 3367 vobiscum
1933 3325 2112 3380 reges,

514 3426 851 3481 regnumque
899 3412 1194 3464 maximum
1247 3409 1451 3464 habere
1480 3409 1688 3462 socium
1737 3407 2111 3477 subiectionis.

513 3505 620 3559 Sed
645 3518 849 3574 qurero,
881 3501 1099 3572 quando
1131 3501 1348 3556 fueritis
1376 3501 1572 3564 liberi,
1597 3499 1690 3570 qui
1718 3515 1863 3554 nunc
1886 3501 2117 3553 servitu-

514 3605 621 3651 tem
675 3593 975 3650 recusatis?
1006 3592 1237 3662 Quando
1268 3606 1398 3662 ergo
1443 3590 1603 3646 liberi
1630 3589 1844 3645 fuistis?
1872 3590 1957 3644 vel
1987 3603 2114 3643 cum

512 3688 632 3744 aliis
661 3686 1115 3750 dontinaremini,
1163 3685 1253 3756 qui
1295 3683 1398 3739 sub
1424 3697 1553 3753 rege
1583 3683 1792 3738 eratis?
1820 3681 2115 3736 Habebatis

511 3795 695 3851 regem
747 3781 936 3845 Deum,
984 3777 1316 3848 repudiastis
1355 3791 1582 3847 regnum
1611 3774 1819 3844 ipsius,
1874 3775 1977 3828 sub
2005 3787 2114 3845 quo

511 3875 631 3929 solo
659 3873 825 3928 eratis
857 3873 1010 3927 liberi
1037 3915 1051 3936 ,
1087 3871 1337 3926 voluistis
1379 3869 1588 3925 servire
1633 3868 1969 3923 hominibus.
2002 3869 2115 3922 Cur

507 3979 722 4038 patrum
747 3967 1008 4022 revellitis
1037 3964 1404 4022 testamenta?
1425 3961 1722 4017 htereditas
1752 3969 1808 4017 et
1840 3960 1896 4015 in
1927 3971 2113 4030 patres

505 4070 820 4115 contumax.
873 4059 1124 4128 Elegistis
1156 4072 1335 4128 regem
1368 4057 1457 4110 cui
1502 4071 1698 4110 nomen
1731 4055 1883 4110 Saul.
1917 4055 2112 4110 Occiso

508 4153 628 4217 illo,
649 4151 972 4205 Palaestinus
1001 4151 1156 4204 vobis
1188 4150 1419 4219 populus
1439 4149 1775 4218 imperitavit
1804 4165 1816 4200 :
1845 4149 2114 4203 successit

511 4253 633 4314 post
660 4251 906 4313 tempora
943 4243 1112 4298 David
1145 4244 1198 4296 in
1227 4243 1393 4296 totius
1426 4242 1608 4312 populi
1637 4256 1866 4310 regnum
1891 4284 1905 4310 ,
1929 4241 2112 4296 mitior

507 4337 726 4409 quidem
758 4337 1003 4402 domino,
1057 4337 1154 4393 sed
1204 4336 1459 4391 dominus
1491 4346 1696 4401 tamen,
1747 4338 1896 4406 prius
1948 4347 2108 4408 quam

507 4433 878 4503 requiesceret
908 4428 1074 4485 David
1098 4472 1112 4496 ,
1155 4430 1300 4500 genti
1335 4439 1516 4483 tamen
1545 4437 1599 4483 et
1649 4429 1764 4498 ipse
1794 4443 1977 4498 regem
2008 4427 2112 4482 im-

509 4525 705 4595 posuit.
740 4524 782 4578 A
815 4523 1111 4579 Salomone
1148 4536 1338 4576 rursus
1363 4521 1591 4576 scissum
1621 4519 1675 4575 in
1705 4520 1812 4576 duo
1855 4535 2106 4592 regnum,

505 4631 562 4677 et
591 4621 765 4676 divisa
787 4625 887 4689 per
913 4619 1128 4689 longam
1157 4618 1355 4672 seriem
1379 4615 1768 4671 dominationis
1798 4615 2106 4670 haereditas.

507 4715 576 4772 Ut
605 4713 907 4770 transiliam
951 4712 1318 4783 captivitatcs,
1374 4707 1551 4781 Cyrus
1601 4709 1897 4780 plerosque
1950 4710 2110 4764 terris

505 4810 620 4864 suis
641 4807 862 4863 Judaeos
893 4816 948 4862 et
978 4803 1150 4860 sacris
1179 4805 1294 4858 suis
1335 4801 1596 4858 reddidit.
1633 4803 1738 4858 Sed
1772 4813 1959 4872 patres
1987 4817 2109 4857 ves-

507 4895 571 4956 tri
619 4916 740 4956 cum
791 4899 1085 4956 Persarum
1128 4897 1335 4968 przeliis
1383 4897 1647 4967 gravibus
1690 4903 2102 4962 attererentur,

503 4995 752 5067 quamvis
785 4993 998 5049 nobiles
1026 4990 1457 5046 Maehabzeorum
1481 4988 1800 5059 triumphis,
1824 4988 2107 5059 elegerunt

502 5091 606 5147 sibi
637 5091 937 5147 Romanam
986 5088 1327 5144 societatem.
1359 5085 1530 5141 Tenet
1560 5096 1580 5124 ε
1619 5085 1888 5154 scriptura
1919 5083 2102 5139 divina

506 5179 796 5240 multarum
827 5191 978 5252 pacta
1004 5181 1358 5252 legationum.
1392 5176 1544 5234 Facti
1569 5177 1704 5233 estis
1727 5176 2098 5233 Romanorum

577 5335 600 5360 δ
637 5324 751 5379 Hoc
798 5331 901 5387 est,
951 5319 1278 5384 Seleucidis.
1331 5319 1401 5372 At
1435 5317 1554 5372 heie
1594 5317 1832 5372 dubitari
1877 5325 2088 5387 potest,

506 5397 682 5450 utrum
707 5411 814 5448 uno
843 5392 1034 5461 spiritu
1067 5389 1241 5444 Persis
1265 5388 1660 5445 Seleucensibus
1678 5389 1966 5459 legendum
2000 5390 2092 5454 sit,

507 5476 778 5534 tamquam
832 5466 876 5520 si
915 5465 1081 5534 prior,
1113 5478 1215 5515 vox
1247 5477 1439 5534 genus
1489 5476 1758 5534 summum
1785 5501 1801 5525 ,
1834 5461 2010 5514 altera
2039 5462 2096 5516 τὸ

505 5532 801 5612 empta-mg.»
825 5532 950 5612 seu
985 5533 1348 5612 dili‘erentiam
1380 5532 1965 5612 contitteat;~.an-rero
2016 5547 2097 5586 cce

506 5602 666 5661 voces
712 5606 1062 5662 distinctione
1083 5602 1260 5658 media
1286 5604 1396 5658 sint
1425 5603 1803 5658 secernenda".
1837 5602 2090 5658 Mazuca.

505 5676 543 5730 ι.
577 5694 623 5757 ς.
652 5694 771 5757 pag.
803 5677 929 5757 Z88.

581 5745 606 5784 ι)
641 5745 664 5799 l
675 5745 776 5799 llis.
813 5748 979 5801 ΒΑιιιι.

2135 4483 2190 4546 D

2217 1834 2393 1877 mante
2423 1822 2592 1889 acies,
2616 1834 2811 1895 urgent
2838 1827 3024 1895 patriae
3053 1827 3244 1894 ruinae,
3294 1840 3451 1900 urget
3493 1831 3698 1900 templi
3742 1847 3830 1886 ex-

2216 1913 2414 1969 cidium
2443 1933 2457 1981 ;
2486 1930 2593 1971 non
2625 1918 2766 1987 quod
2801 1918 2932 1972 utile
2952 1919 3055 1984 sit,
3085 1919 3179 1976 sed
3201 1920 3346 1990 quod
3377 1922 3679 1991 possibile,
3714 1937 3822 1993 per-

2217 2007 2457 2076 pendite.
2492 2009 2606 2064 Non
2653 2012 2801 2066 enim
2847 2019 3100 2067 votorum
3133 2014 3365 2084 species,
3398 2014 3495 2068 sed
3546 2016 3828 2085 possibili-

2217 2104 2344 2158 tatis
2373 2104 2512 2157 ratio
2535 2103 2832 2174 pensanda.
2863 2104 2975 2160 Lex
3022 2119 3219 2175 nempe
3247 2115 3458 2162 naturae
3487 2108 3691 2164 eadem
3715 2123 3824 2162 om-

2218 2196 2379 2250 nibus
2402 2196 2736 2262 hominibus,
2759 2197 3092 2264 volatilibus,
3127 2197 3280 2266 feris,
3312 2199 3506 2254 beSIiis
3530 2201 3744 2266 infusa,
3771 2210 3823 2256 ut

2218 2287 2595 2358 imusquisque
2620 2289 2780 2344 cedat
2803 2286 3094 2360 potentiori
3123 2299 3359 2356 :Iaurus,
3395 2290 3540 2346 leoni
3565 2309 3580 2344 :
3605 2303 3817 2358 cervas,

2217 2397 2383 2438 urso:
2415 2383 2693 2454 leopardo,
2725 2397 2918 2453 caprea
2957 2401 2971 2437 :
3017 2381 3235 2452 aquilae,
3270 2384 3535 2450 accipiter
3572 2403 3587 2438 :
3623 2385 3822 2456 accipi-

2218 2476 2284 2529 tri
2312 2517 2325 2541 ,
2357 2476 2608 2531 columba
2646 2495 2658 2529 :
2689 2476 2790 2546 ipsi
2821 2487 2997 2542 tauro,
3025 2477 3246 2547 juvenci
3275 2477 3567 2534 inferiores
3603 2496 3618 2533 :
3648 2479 3816 2539 arieti.

2217 2569 2397 2622 ovium
2449 2585 2689 2640 greges:
2743 2570 2924 2636 hirco,
2956 2584 3119 2639 caper
3171 2589 3184 2624 :
3234 2586 3304 2625 ne
3352 2570 3556 2627 diversi
3607 2572 3818 2643 generis

2219 2679 2342 2720 esse
2386 2665 2636 2719 videatur
2672 2663 2848 2733 aliqua
2899 2661 3185 2722 distantia.
3242 2677 3338 2718 vos
3394 2665 3813 2734 potentioribus.

2221 2759 2448 2813 Romani
2480 2768 2659 2814 tamen
2714 2757 2989 2812 neminem
3019 2756 3324 2826 expellunt,
3357 2770 3456 2812 vos
3485 2757 3812 2826 expulistis:

2219 2851 2390 2905 immo
2418 2848 2493 2903 illi
2519 2857 2684 2920 agunt
2707 2890 2721 2914 ,
2751 2863 2820 2903 ne
2851 2847 2972 2918 quis
2995 2846 3160 2902 etiam
3190 2848 3366 2902 victus
3393 2847 3462 2904 de
3504 2850 3676 2904 terris
3715 2849 3817 2903 suis

2219 2952 2378 2998 exeat
2404 2961 2416 2995 :
2449 2940 2717 2997 Antiocho
2749 2950 2958 3011 partem
2989 2942 3141 3012 regni
3170 2951 3549 2996 servaverunt.
3581 2941 3656 2996 Et
3684 2956 3815 2996 nunc

2221 3036 2404 3091 Caesar
2433 3035 2562 3106 quid
2617 3034 2761 3090 aliud
2811 3034 3027 3090 laborat
3069 3033 3268 3089 nisiut
3314 3043 3459 3091 terra
3490 3045 3682 3091 vestra
3717 3051 3814 3090 non

2219 3130 2526 3196 deseratur,
2569 3131 2720 3201 regio
2746 3139 2926 3185 vestra
2970 3143 3075 3184 nott
3121 3139 3450 3197 evacuetur,
3481 3131 3680 3186 civitas
3715 3145 3813 3185 nnn

2218 3233 2516 3290 evertatur,
2547 3225 2806 3294 templum
2838 3238 2942 3277 non
2969 3231 3350 3278 concremetur
3371 3223 3395 3277 ?
3415 3223 3534 3278 Non
3566 3224 3816 3280 omnibus

2219 3318 2444 3373 victoria
2474 3317 2652 3371 datur.
2681 3316 2870 3370 Paucis
2908 3329 3148 3386 praeesse
3198 3325 3389 3371 natura
3422 3315 3617 3383 dedit,
3655 3316 3812 3388 pluri-

2218 3408 2319 3463 bus
2347 3408 2750 3478 obtemperare.
2784 3406 2950 3461 'l‘auri
2991 3406 3253 3461 armentis
3293 3406 3572 3475 eminent,
3619 3409 3811 3463 arietes

2217 3501 2492 3572 gregibus.
2526 3500 2700 3556 Penes
2733 3513 2934 3569 paucos
2982 3500 3276 3556 eminentia
3301 3541 3315 3567 ,
3363 3516 3534 3569 penes
3557 3501 3809 3571 plurimus

2219 3596 2592 3651 mansuetudo.
2629 3595 2694 3650 Et
2720 3611 2816 3650 vos
2847 3593 3054 3649 induite
3095 3594 3571 3651 mansuetudinem
3598 3637 3613 3663 ,
3647 3594 3808 3651 susci—

2221 3690 2328 3759 pite
2370 3690 2766 3759 subjectioncm
2789 3733 2803 3757 ,
2844 3705 3004 3763 quam
3040 3693 3204 3748 etiam
3237 3691 3366 3747 ferte
3395 3691 3649 3746 induunt.
3693 3691 3805 3746 Haec

2216 3797 2336 3838 cum
2388 3775 2592 3840 diceret
2643 3784 2940 3856 Josephus,
2999 3786 3449 3842 conviciabantur
3515 3787 3584 3842 de
3637 3799 3802 3841 muro.

2217 3877 2603 3934 Malcdicebant
2636 3881 2786 3934 utilia
2829 3880 3100 3935 suadenti.
3132 3880 3383 3950 Plerique
3417 3879 3582 3934 etiam
3609 3878 3802 3950 jacula-

2219 3972 2413 4027 bantur
2438 3973 2696 4044 sagittas,
2738 3973 2782 4026 si
2819 3981 3040 4043 possent
3081 3987 3202 4027 eum
3243 3979 3418 4028 morte
3445 3971 3712 4044 afﬂigere.
3741 3971 3802 4025 At

2217 4066 2342 4133 ille,
2382 4067 2470 4136 qui
2499 4069 2746 4122 oratione
2773 4080 2880 4120 non
2909 4063 3163 4121 ﬂectebat
3202 4066 3533 4129 indomitos,
3579 4067 3798 4134 scriptu-

2217 4172 2396 4212 rarum
2413 4172 2625 4228 quoque
2652 4157 2982 4212 testimoniis
2997 4157 3401 4213 conveniendus
3417 4157 3794 4218 arbitrabatur,

2217 4251 2454 4307 maxime
2496 4251 2622 4321 quia
2651 4249 2910 4306 dicebant
2957 4250 3125 4308 Deum
3171 4250 3354 4320 templi
3410 4250 3495 4304 sui
3553 4247 3794 4320 praesidio

2216 4359 2320 4399 non
2344 4343 2673 4399 defuturum.

2808 4433 3034 4492 CAPUT
3073 4435 3218 4491 XVI.

2284 4529 2584 4586 Temerarii
2603 4572 2616 4597 ,
2643 4531 2913 4586 nunccine
2935 4527 3154 4586 demum
3197 4528 3352 4584 vobis
3381 4527 3627 4584 divinum
3657 4524 3794 4582 auxi-

2213 4621 2340 4676 lium
2366 4620 2656 4677 affuturum
2679 4623 2939 4695 speratis,
2966 4621 3181 4690 quando
3205 4619 3606 4691 permiscuistis
3628 4618 3790 4673 omnia

2214 4713 2386 4778 bello,
2418 4713 2612 4768 altaria
2641 4715 2918 4779 violastis,
2953 4713 3196 4768 diruistis
3233 4713 3398 4766 totius
3441 4712 3596 4766 urbis
3623 4709 3790 4766 muni-

2213 4806 2434 4862 menta?
2479 4806 2800 4873 Temerarii,
2832 4807 3074 4876 inquam,
3103 4815 3158 4862 et
3187 4816 3492 4862 vestrorum
3524 4807 3791 4861 immemo-

2209 4923 2296 4961 res
2338 4905 2703 4971 auxiliorum,
2748 4913 2899 4959 scuta
2949 4911 3004 4958 ‘et
3045 4901 3253 4972 gladios
3293 4901 3560 4972 parastis,
3603 4910 3658 4956 et
3700 4900 3788 4952 hoc

2206 4999 2492 5054 adversum
2520 4997 2820 5052 Romanos.
2851 4995 2970 5051 Non
2997 4995 3192 5050 talibus
3217 4994 3385 5051 armis
3411 4994 3632 5050 vincere
3657 4991 3788 5048 sole-

2204 5093 2362 5148 batis.
2397 5090 2626 5157 Quando
2677 5091 2821 5145 enim
2851 5088 2903 5144 iu
2937 5088 3089 5144 hasta
3121 5099 3177 5144 et
3196 5087 3375 5159 gladio
3414 5086 3515 5142 fuit
3544 5086 3785 5142 Hebrae-

2205 5203 2324 5243 rum
2358 5183 2617 5240 victoria?
2659 5179 3047 5239 Recordamitti
3089 5182 3232 5237 unde
3276 5181 3414 5246 orti,
3439 5189 3494 5234 et
3524 5193 3555 5234 a
3604 5178 3784 5248 quibus

2275 5338 2295 5365 ε
2329 5325 2493 5381 Vides
2537 5331 2595 5378 ut
2636 5321 3009 5376 Machabaicos
3053 5300 3220 5396 libros
3242 5362 3258 5384 ,
3282 5320 3344 5396 in
3375 5305 3573 5396 quibus
3603 5332 3665 5372 ea
3689 5315 3779 5396 ite-

2199 5395 2326 5450 dera
2375 5401 2956 5466 exponuntur,uoster
2989 5389 3226 5466 appellet
3275 5385 3610 5466 scripturum
3665 5385 3780 5466 diri-

2198 5484 2335 5522 uam.
2361 5457 2461 5523 Sie'
2481 5475 2535 5520 et
2575 5457 2824 5534 superius
2847 5465 2898 5518 in
2925 5457 3151 5532 hujusce
3180 5464 3371 5534 oneris
3400 5457 3646 5534 'prulogo
3680 5457 3776 5512 Ma-

2197 5540 2484 5628 gltirbaisos
2532 5531 2699 5592 libros
2746 5531 3134 5595 Oeort'vttia'rouc.
3175 5533 3422 5599 bisseni,
3485 5531 3525 5585 ι.
3575 5547 3624 5585 c.
3669 5540 3772 5601 pag.

2207 5609 2323 5675 788,
2350 5610 2476 5664 852.

2271 5677 2296 5715 ά
2330 5679 2686 5735 Sacerdotem.
2729 5678 2899 5734 BARR.
