3948 6348
79 289 228 348 2H9

981 288 1253 346 llIS’I‘OR.
1300 288 1389 344 DE
1433 277 1714 344 Ethoto
1755 284 2030 344 manus.
2067 273 2268 343 URBIS
2307 275 2436 340 LIB.
2481 282 2545 339 v.

3251 281 3393 338 9150

81 410 204 463 sitis
257 404 527 477 profecti,
571 404 843 474 quomodo
889 412 1072 474 patres
1122 404 1288 459 vestri
1337 403 1521 458 hostes
1560 418 1688 458 suos
1718 411 1763 465 Λ
1796 403 2045 474 gnahiles
2081 401 2334 457 Hiericho
2374 401 2524 456 urbis
2569 413 2755 455 muros
2798 399 3042 465 videret,
3087 399 3401 455 Sacerdotes

83 498 341 553 vicerint.
379 496 674 551 Temerarii
697 537 712 562 ,
744 511 905 566 quem
938 497 1090 551 vobis
1113 496 1416 565 adjutorem
1461 497 1693 565 eripuis-

83 592 153 646 tis
176 633 193 658 ,
218 590 353 645 dum
379 589 554 644 aliena
579 587 824 645 subsidia
847 589 1177 660 deposcitis?
1204 588 1322 643 Non
1350 590 1404 644 in
1453 589 1696 644 multitu-

83 686 212 740 dine
245 684 478 754 populi,
532 683 626 738 sed
679 683 731 739 in
781 683 973 738 timore
1018 683 1109 737 Dei
1145 690 1170 719 ⁸
1222 687 1376 752 pater
1425 682 1696 737 Abraham

89 779 402 850 penetravit
425 775 757 848 .IEgyptum;
794 788 846 830 et
875 792 996 832 cum
1024 776 1270 831 abducta:
1296 775 1546 846 conjugis
1566 789 1696 845 cape

94 876 256 926 tivam
311 871 523 926 videret
569 870 925 938 pudicitiam,
980 870 1125 924 bello
1173 875 1356 924 tamen
1398 869 1694 934 abstinuit,

91 962 389 1032 assumpsit
423 966 524 1032 plze
553 962 820 1016 orationis
851 976 1026 1021 arma,
1052 959 1395 1016 defensorem
1430 959 1699 1025 adhibuit,

94 1059 185 1125 qui
239 1055 550 1112 dormiente
600 1070 667 1112 eo
726 1057 1003 1121 vinceret,
1065 1065 1118 1110 et
1188 1063 1498 1126 expugnato
1543 1053 1701 1110 hoste

97 1149 467 1204 intaminatam
540 1147 640 1202 sibi
713 1147 1000 1218 coniugem
1075 1155 1518 1215 repraesentaret.
1594 1145 1704 1201 Re-

96 1245 175 1298 dit
202 1243 334 1299 Sara
367 1247 484 1297 sine
513 1242 681 1295 armis
703 1283 717 1307 ,
749 1240 996 1296 referens
1025 1241 1145 1294 viro
1173 1239 1554 1310 triumphalem
1588 1241 1701 1294 vic-

101 1337 313 1390 toriam.
363 1333 675 1388 Dormiebat
717 1331 1029 1395 Abraham,
1075 1341 1130 1387 et
1171 1331 1526 1401 torquebatur
1566 1331 1706 1385 Pita-

102 1440 211 1480 rao.
270 1424 546 1480 Metuehat
601 1423 734 1478 Sara
765 1464 780 1490 ,
836 1433 890 1477 et
938 1422 1150 1477 Pharao
1195 1421 1400 1477 crimen
1452 1423 1701 1492 negabat.

103 1517 366 1587 Ejiciebat
412 1517 678 1583 alienam,
727 1525 782 1570 et
826 1515 1084 1569 damnato
1126 1513 1356 1568 crimine
1402 1513 1708 1568 honorabat

105 1607 515 1672 castimoniam,
550 1621 709 1676 quam
741 1606 981 1675 spoliare
1009 1604 1439 1660 desideraverat.
1476 1604 1709 1659 Additur

105 1716 290 1755 aurum
333 1710 388 1754 et
427 1709 711 1770 argentum
745 1697 811 1753 ad
843 1697 997 1753 Sara:
1028 1696 1290 1766 pudorem
1313 1737 1326 1760 ,
1359 1702 1419 1750 ttt
1447 1696 1705 1750 condem~

1796 497 1952 551 turba
2001 510 2200 550 canere
2245 494 2445 564 jussit,
2489 492 2726 563 juhiiare
2773 493 3073 564 populum:
3119 509 3226 562 quo
3268 491 3411 545 facto

1798 598 2026 657 repente
2053 586 2306 642 cecidere
2341 587 2484 640 muri
2516 596 2680 654 atque
2727 594 2914 638 exusta
2963 584 3156 638 civitas
3199 591 3314 649 est,
3358 590 3414 638 et

1796 695 1989 738 omnes
2017 681 2195 736 necati
2225 691 2352 735 sunt
2373 723 2386 745 ,
2418 679 2524 734 nisi
2556 691 2694 749 quos
2723 677 3074 734 Rahabhonze
3106 675 3415 734 meretricis

1798 772 1934 828 fides
1977 781 2007 826 a
2059 782 2375 828 memoratae
2417 771 2572 826 urbis
2619 770 2836 826 excidio
2879 769 3143 825 defendit.
3189 769 3412 825 cheon

1799 880 2017 937 quoque
2046 876 2321 922 trecentos
2349 867 2494 920 viros
2521 864 2587 921 ad
2617 865 2820 920 bellum
2851 865 3014 936 elegit
3039 907 3052 930 ,
3081 861 3413 933 eosdemque

1805 976 1911 1014 non
1937 977 2082 1015 arma
2115 961 2395 1030 pravferre,
2426 959 2519 1014 sed
2551 959 2806 1030 mysteria
2836 958 3135 1028 prmcepit:
3166 959 3216 1011 in
3251 972 3410 1010 manu

1806 1051 1938 1105 laeva
1971 1050 2193 1123 hydrias
2222 1066 2357 1122 aqua
2391 1050 2578 1120 plenas
2611 1061 2798 1105 tenere
2822 1093 2835 1114 ,
2871 1050 2920 1104 in
2952 1049 3174 1104 dextera
3207 1048 3357 1103 faces
3389 1065 3402 1102 :

1803 1159 1905 1214 qua
1951 1145 2137 1214 specie
2177 1145 2412 1213 perculsi
2455 1141 2643 1200 hostes
2687 1141 2871 1214 fugere
2915 1142 3101 1210 illico,
3135 1153 3298 1214 atque
3344 1141 3411 1198 ad

1807 1235 2066 1290 lichrzt-os
2107 1235 2334 1291 victoria
2389 1237 2656 1303 pervenit.
2715 1235 3029 1290 intermissa
3078 1245 3195 1289 erat
3241 1250 3412 1290 saera:

1808 1343 1937 1382 cura
1978 1327 2259 1398 religionis
2301 1327 2418 1383 lieli
2464 1326 2766 1383 sacerdotis
2810 1326 3179 1397 negligentia,
3233 1325 3417 1380 divina

1811 1421 2040 1490 imperia
2089 1431 2112 1458 θ
2155 1421 2597 1477 deserebantur:
2652 1422 2951 1492 irrogatam
2999 1421 3068 1476 ab
3117 1420 3420 1492 Allophylis

1812 1513 2092 1582 praelium,
2130 1513 2258 1568 victi
2299 1513 2548 1578 Hebraei,
2582 1523 2736 1584 Capta
2769 1514 2934 1567 etiam
2985 1527 3108 1566 arca
3157 1513 3254 1567 Dei
3295 1523 3419 1579 est,

1812 1613 1866 1676 et
1895 1607 2013 1659 sine
2042 1606 2212 1659 artnis
2238 1605 2446 1659 reddita
2480 1605 2624 1659 illis:
2656 1620 2765 1675 quo
2794 1605 2998 1659 iudicio
3027 1604 3247 1670 claruit,
3279 1603 3420 1674 quod

1813 1705 1868 1752 et
1910 1698 2027 1754 sine
2072 1699 2336 1768 religione
2387 1711 2536 1752 arma
2573 1713 2680 1752 non
2723 1698 3054 1768 tincantL’et
3098 1695 3422 1767 religionem

107 1805 253 1850 naret
295 1794 631 1848 voluntatem
678 1792 935 1862 facinoris
976 1797 1278 1860 expertem.
1331 1789 1575 1859 Rogabat
1618 1800 1711 1859 pa-
1740 1791 1786 1851 Β
1815 1791 1935 1846 sine
1956 1793 2122 1846 armis
2148 1793 2386 1848 vincere.
2413 1791 2675 1848 Ezechias
2703 1805 2796 1847 rex
2821 1836 2835 1859 ,
2869 1792 3049 1847 infuso
3073 1793 3422 1865 Assyriorum

107 1899 238 1944 trem
291 1887 604 1951 Abraham,
659 1894 716 1940 ut
767 1900 866 1955 pro
911 1899 1006 1938 sua
1055 1884 1119 1938 ad
1171 1883 1457 1937 Dominum
1504 1881 1708 1936 familia

107 1981 515 2050 deprecaretur.
553 1978 683 2033 Erat
714 1980 858 2032 enim
892 1976 1181 2031 infecunda
1212 1976 1408 2029 domus
1435 1974 1573 2044 ejus.
1605 1973 1712 2027 [ie-

107 2081 244 2125 meat
291 2071 427 2126 Sara
475 2069 643 2124 ditior
682 2069 834 2123 salvo
872 2065 1117 2137 pudore:
1149 2065 1386 2121 revertit
1429 2064 1706 2119 Abraham

107 2163 361 2229 sanctior,
417 2160 505 2230 qui
551 2159 850 2230 conjugalis
895 2158 1170 2228 pudicitiae
1212 2157 1709 2212 remunerationem

109 2256 414 2311 sterilitatis
463 2253 706 2310 remedio
754 2254 1240 2321 compensavisset.
1287 2250 1424 2318 Quid
1480 2249 1550 2305 de
1604 2250 1715 2305 tilio

109 2350 220 2418 ejus
258 2349 410 2404 Isaac
451 2347 676 2417 loquar?
708 2347 759 2401 ls
785 2360 1003 2416 queque
1036 2345 1210 2415 patrio
1241 2343 1412 2398 fretus
1455 2344 1712 2398 munimi-

112 2458 206 2506 ne,
237 2442 504 2496 adversus
535 2440 748 2493 finitimi
784 2438 1024 2508 potentis
1060 2438 1405 2492 insolentiam
1433 2478 1448 2503 ,
1485 2450 1590 2491 non
1621 2451 1710 2490 ar-

121 2543 284 2588 matas
330 2531 596 2604 produxit
643 2531 833 2586 acies:
887 2539 943 2585 et
993 2529 1431 2586 certe‘habebat
1481 2544 1714 2584 cccxvnl

115 2628 523 2682 vernaculorum
565 2626 800 2679 validam
845 2641 1065 2680 manum
1088 2666 1103 2690 ,
1138 2641 1259 2695 qua:
1289 2639 1447 2694 reges
1476 2625 1718 2694 quinque

117 2720 253 2775 bello
301 2729 694 2791 superaverat,
747 2719 936 2789 spoliis
981 2727 1242 2783 exuerat,
1293 2717 1566 2786 captivum
1619 2717 1720 2771 Lot

118 2810 341 2868 Abrahae
402 2821 596 2881 patruo
652 2809 990 2865 restituerat.
1046 2808 1164 2863 Non
1222 2807 1461 2878 gladium
1521 2807 1718 2877 vagina

119 2906 297 2971 exuit,
347 2904 448 2961 sed
501 2906 675 2959 solam
718 2905 1005 2960 adversum
1050 2901 1354 2957 invidentes
1401 2900 1718 2972 patientiam

122 2996 314 3064 induit,
365 2997 771 3067 simplicitatem
822 2995 1050 3050 retulit:
1105 3001 1376 3048 venerunt
1423 3001 1716 3063 rogantes,

122 3090 205 3158 qui
258 3088 735 3145 exterminandum
792 3087 1297 3143 deuuntiaverant:
1360 3093 1724 3156 peposcerunt
1766 3158 1768 3162 τ

1815 1882 2014 1951 populo
2058 1887 2208 1953 genti
2254 1883 2492 1949 .i'udzem,
2529 1899 2654 1939 cum
2701 1894 2857 1939 voce‘
2883 1883 3148 1940 [iahsacis
3190 1883 3422 1955 imperio

1815 1973 2190 2030 Semiacherib
2222 1976 2367 2047 regis
2389 2019 2402 2041 ,
2435 1991 2556 2046 quae
2589 1975 2642 2031 in
2675 1977 2842 2032 Deutn
2885 1977 3201 2046 jacerentur
3231 1977 3418 2032 convi-

1814 2065 1894 2118 cia
1919 2105 1934 2132 ,
1962 2081 2082 2136 qum
2112 2069 2331 2136 populo,
2356 2084 2516 2138 quam
2551 2083 2807 2137 suprema
2832 2069 2998 2124 exitia
3029 2068 3424 2123 denuntiaren-

1813 2166 1921 2225 tur,
1970 2159 2105 2212 satis
2153 2160 2548 2229 cumperisset:
2600 2159 3043 2226 insinuanlihus,
3098 2175 3205 2215 non
3258 2161 3425 2216 verba

1814 2250 2029 2316 verbis,
2063 2263 2160 2306 nec
2187 2266 2336 2305 arma
2368 2253 2534 2306 armis
2567 2251 2853 2307 referenda
2885 2253 3118 2307 credidit
3149 2271 3161 2308 :
3198 2254 3293 2309 sed
3326 2267 3419 2309 ex-

1816 2355 2078 2411 surgens,
2109 2341 2290 2398 cilicio
2319 2358 2378 2399 se
2407 2352 2467 2398 ut
2488 2347 2645 2400 'scuto
2674 2344 2848 2400 induit
2878 2361 2890 2398 :
2921 2359 3019 2416 pro
3047 2345 3200 2416 galea
3233 2347 3421 2402 cinere

1817 2440 1981 2503 caput
2010 2434 2144 2488 texit
2171 2452 2183 2489 :
2215 2443 2314 2505 pro
2339 2435 2534 2506 jaculis
2565 2436 2871 2491 orationem
2920 2437 3159 2492 intorsit.
3217 2437 3427 2493 Ascen-

1818 2526 1898 2580 dit
1948 2527 2167 2593 oratio,
2220 2527 2508 2584 descendit
2552 2529 2817 2599 Angelus,
2870 2543 3010 2583 czrsa
3058 2543 3158 2599 per
3205 2540 3423 2585 noctem

1819 2617 2166 2689 Assyriorum
2200 2635 2415 2675 ccxxxv
2448 2621 2617 2674 millia
2659 2620 2925 2675 cadavera
2969 2623 3420 2688 numeravimus;

1822 2723 2200 2780 percussorem
2229 2726 2339 2765 non
2373 2711 2624 2766 vidimus.
2663 2711 3046 2766 Praeterieram
3080 2711 3148 2767 de
3183 2712 3428 2782 quinque

1821 2802 2078 2872 regibus,
2125 2804 2593 2872 quosincousulto
2638 2804 2872 2859 Domino
2915 2805 3116 2860 bellum
3159 2804 3426 2874 adorsos,

1825 2911 1919 2965 per
1961 2896 2239 2952 desertum
2291 2899 2578 2965 meantes,
2627 2911 2784 2970 aquae
2836 2899 3016 2970 inopia
3068 2899 3432 2956 vehementer

1824 2987 2085 3044 afﬂictare
2126 2999 2403 3058 coeperat,
2452 2992 2710 3060 ipsosque
2753 3002 2808 3046 et
2854 3005 3028 3063 equos
3074 3003 3265 3049 eorum
3309 2996 3433 3050 sitis

1825 3096 2043 3136 vexare.
2084 3080 2394 3137 Necessitas
2431 3085 2864 3152 praetermissum
2903 3084 3143 3140 officium
3189 3085 3432 3156 reparari

125 3183 410 3238 amicitiam
448 3223 463 3247 ,
515 3183 606 3251 qui
658 3181 947 3235 finitimum
1004 3195 1109 3234 non
1165 3179 1434 3234 ferebant.
1488 3179 1719 3233 Contre-
1747 3173 1790 3235 C
1825 3174 2023 3244 0083“-
2057 3175 2186 3228 Eml
2215 3176 2358 3229 enim
2387 3189 2485 3230 rex
2508 3174 2675 3232 Israel
2705 3177 2986 3248 negligens
3011 3178 3157 3233 circa
3191 3179 3284 3234 Dei
3317 3179 3433 3234 cul-

129 3276 286 3330 niisco
317 3285 465 3330 tanta
501 3283 712 3343 patrum
741 3287 1029 3329 recensere
1057 3272 1324 3326 mirabilia
1352 3289 1366 3324 :
1394 3270 1565 3326 Jaeob
1591 3285 1720 3325 san-

128 3376 271 3432 ctus,
328 3367 473 3424 Esau
521 3365 686 3421 fratre
743 3363 1092 3434 parricidium
1142 3362 1426 3417 minitante
1481 3363 1711 3431 patriam

133 3459 377 3529 reliquit,
414 3467 668 3529 parentes
699 3459 974 3520 deseruit,
1020 3457 1189 3512 solius
1229 3470 1411 3510 secum
1455 3454 1723 3510 orationis

135 3548 307 3606 ferens
345 3553 642 3616 viaticum;
678 3551 986 3620 merithue
1016 3548 1068 3603 in
1102 3548 1404 3618 peregrinis
1439 3548 1573 3604 locis
1602 3563 1726 3604 cum

137 3639 307 3697 fratris
337 3652 610 3698 metueret
642 3641 870 3696 insidias
894 3681 910 3706 ,
942 3649 996 3695 et
1027 3640 1307 3694 hominum
1339 3642 1598 3696 comitatu
1641 3651 1728 3694 at-

139 3747 236 3800 que
265 3735 468 3790 auxilio
499 3744 723 3805 egeret,
755 3733 960 3788 invenit
987 3732 1317 3802 Angelorum
1349 3733 1376 3772 ι’
1407 3734 1727 3790 consilium:

143 3827 426 3893 perductus
475 3828 575 3899 (ut
603 3827 717 3897 ait)
765 3826 830 3880 ad
884 3835 1058 3880 castra
1094 3826 1224 3888 Dei,
1277 3827 1602 3882 colluctatus
1649 3834 1735 3882 est

147 3915 360 3974 Domino
389 3937 402 3972 :
435 3927 490 3974 et
534 3917 676 3974 sicut
714 3917 848 3971 dicit
875 3916 1152 3984 Scriptura
1189 3935 1204 3971 :
1248 3917 1540 3972 Praevaluit
1581 3918 1690 3972 Deo
1714 3957 1732 3984 ,

147 4006 229 4073 qui
257 4008 518 4080 imparem
549 4025 608 4064 se
636 4007 950 4065 hominibus
976 4007 1342 4062 arbitrabatur
1370 4005 1522 4076 (Gen.
1550 4023 1734 4074 xxxn,

145 4100 254 4171 28).
283 4103 420 4171 Quid
449 4103 594 4158 aliud
625 4102 800 4158 Moses
827 4102 1116 4158 adversum
1146 4115 1330 4171 regem
1355 4099 1738 4172 Egyptiorum

151 4199 548 4269 exercitumque
588 4207 643 4253 et
680 4197 948 4253 dracones
987 4194 1142 4265 ejus,
1186 4195 1288 4256 nisi
1330 4195 1502 4250 solam
1535 4196 1738 4266 virgam

155 4286 381 4345 levavit?
409 4290 454 4346 Ο
479 4298 670 4360 potens
693 4290 839 4359 virga
867 4330 883 4355 ,
917 4303 1037 4359 qum
1065 4287 1265 4344 cmlum
1300 4287 1542 4343 tenebris
1566 4287 1740 4343 obdu-

155 4381 314 4448 xerit,
343 4394 541 4438 terram
571 4383 832 4438 imbribus
859 4379 1239 4444 inundaverit,
1266 4379 1558 4436 siccaverit
1580 4380 1744 4435 maris

157 4469 376 4528 ﬂuctus!
411 4472 709 4529 Cinxerant
737 4473 996 4527 Hebrteos
1033 4471 1274 4544 Egyptii
1295 4512 1313 4539 ,
1346 4471 1542 4528 orabat
1570 4470 1746 4525 Moses

1827 3276 1939 3320 tum
1971 3284 1983 3320 :
2016 3267 2325 3322 admonitus
2357 3277 2534 3323 tamen
2566 3268 2633 3324 ab
2663 3269 2783 3324 aliis
2805 3311 2820 3335 ,
2854 3275 2914 3325 ut
2947 3271 3161 3326 Domini
3197 3273 3431 3340 prophe-

1826 3368 1933 3413 tam
1985 3361 2332 3431 requireret:
2381 3362 2631 3432 cognovit
2681 3363 2970 3429 Elisaeum,
3025 3364 3094 3418 ab
3139 3363 3329 3419 iisdem
3377 3363 3431 3420 in

1828 3451 2026 3520 quibus
2067 3452 2328 3522 degerent
2369 3453 2544 3519 locis,
2591 3456 2697 3509 non
2747 3454 2905 3526 longe
2947 3455 3181 3511 abesse:
3231 3460 3430 3514 misere

1831 3552 2042 3598 oratum
2089 3543 2349 3598 auxilium
2383 3547 2679 3612 orationis,
2725 3556 2780 3601 et
2806 3547 3050 3602 remedia
3094 3551 3431 3606 necessitati.

1833 3638 1982 3694 Licet
2029 3639 2269 3695 offensus
2314 3649 2431 3696 erat
2470 3642 2585 3712 regi
2629 3627 2830 3708 israei,
2876 3645 2998 3714 quia
3048 3645 3288 3715 perfidus
3327 3661 3436 3702 non

1834 3733 2121 3796 credebat,
2151 3735 2401 3803 promisit
2433 3743 2611 3790 tamen
2639 3744 2694 3790 et
2722 3737 3025 3793 ubertatem
3056 3751 3318 3809 aquarum
3339 3782 3353 3805 ,
3384 3738 3439 3797 et

1836 3826 2075 3882 victoriae
2115 3827 2473 3883 celeritatem.
2504 3827 2720 3884 Manare
2749 3829 2912 3899 coepit
2943 3841 3080 3900 aqua
3115 3847 3212 3900 per
3251 3833 3441 3888 deser-

1838 3927 1984 3983 tum,
2009 3925 2064 3972 et
2084 3928 2280 3987 sponte
2305 3931 2366 3974 se
2390 3921 2508 3973 sine
2530 3918 2656 3973 ullis
2681 3920 2944 3975 imbribus
2966 3920 3254 3979 infundere
3279 3925 3441 3980 terris

1841 4014 2060 4070 ﬂuenta.
2095 4011 2391 4082 Surgentes
2418 4013 2748 4083 adversarii,
2778 4031 2912 4086 quos
2941 4031 3171 4074 securos
3198 4019 3444 4075 victoria:

1841 4121 2063 4162 somnus
2088 4107 2308 4162 uberior
2328 4107 2504 4162 laxata
2535 4117 2810 4177 presserat
2832 4108 3227 4177 sollicitudine,
3260 4112 3443 4167 subito

1845 4199 2029 4255 videre
2052 4199 2168 4254 sole
2197 4200 2316 4254 fuso
2343 4200 2569 4255 rutilare
2595 4216 2795 4271 aquas:
2825 4199 3046 4256 fuerunt
3071 4203 3161 4270 qui
3190 4203 3335 4259 inter
3361 4217 3449 4259 re-

1846 4308 1970 4362 gum
2013 4291 2244 4362 populos
2282 4292 2544 4347 bellatum
2584 4303 2871 4362 putarent,
2911 4311 3141 4365 quorum
3185 4300 3450 4368 sanguine

1849 4392 1992 4439 terra
2026 4384 2290 4440 maderet.
2322 4384 2506 4455 Itaque
2536 4386 2587 4440 in
2622 4386 2860 4456 praedam
2891 4386 3216 4444 festinantes
3245 4392 3445 4461 passim

1851 4478 1970 4533 sine
1995 4479 2214 4544 ordine,
2247 4480 2365 4534 sine
2395 4479 2558 4535 modo
2583 4495 2836 4546 currere,
2867 4481 3005 4535 alius
3036 4483 3201 4537 alium
3237 4488 3448 4552 praeve-

160 4572 210 4616 et
247 4581 345 4622 non
384 4567 678 4623 dimicabat
712 4585 724 4621 :
769 4567 1006 4621 divisum
1047 4578 1135 4621 est
1176 4582 1328 4622 mare
1356 4607 1373 4634 ,
1413 4575 1468 4622 et
1508 4568 1747 4638 populus
1774 4560 1824 4620 D
1853 4572 2003 4636 nire,
2043 4573 2122 4626 sic
2163 4571 2470 4640 praecipites
2509 4572 2562 4626 in
2605 4572 2843 4627 medium
2890 4575 3164 4644 progressi
3213 4575 3452 4632 hostium

163 4656 402 4724 intravit,
436 4661 765 4730 sequebatur
792 4643 1223 4713 Pharath'loses
1247 4659 1393 4715 inter
1425 4658 1624 4715 ﬂuctus
1657 4675 1753 4729 po-

164 4747 291 4805 situs
318 4752 510 4807 orabat
536 4770 548 4804 :
582 4751 866 4806 demersus
895 4759 980 4806 est
1010 4764 1132 4806 cum
1162 4751 1276 4805 suis
1303 4751 1537 4810 Pharao.
1570 4761 1758 4806 canta-

166 4840 252 4897 bat
289 4841 468 4902 Moses
508 4845 725 4917 (Exod.
757 4861 850 4909 xv,
881 4844 916 4898 4
942 4847 981 4915 ).
1016 4843 1149 4912 Quis
1173 4843 1291 4900 haec
1322 4853 1378 4901 et
1411 4845 1538 4902 talia
1568 4835 1764 4901 consi?

167 4930 356 4992 derans
396 4917 503 4992 non
529 4927 858 5003 admiretur,
889 4946 942 4990 et
972 4951 1078 4990 non
1113 4935 1381 5008 intelligat
1410 4937 1463 4991 in
1505 4939 1758 4994 oratione

172 5028 322 5085 nobis
347 5017 569 5084 meliora
600 5044 722 5084 esse
750 5045 899 5082 arma
931 5043 1094 5097 quam
1126 5029 1180 5083 in
1207 5029 1455 5084 virtute?
1488 5030 1579 5084 Illa
1611 5030 1757 5086 enim

174 5117 266 5173 sibi
306 5119 544 5178 divinum
587 5122 851 5177 auxilium
892 5119 1152 5186 adhibet,
1203 5122 1318 5178 haec
1357 5121 1622 5192 corporis.
1671 5121 1764 5176 Di-

174 5211 299 5270 dicit
329 5216 442 5272 lucc
471 5232 621 5271 arma
655 5232 776 5286 quae
816 5229 925 5270 non
967 5197 1210 5269 carnalia
1253 5223 1414 5280 sunt,
1458 5213 1554 5268 sed
1599 5213 1764 5270 fortia

177 5303 282 5362 Deo
320 5306 480 5364 Mosis
519 5301 830 5379 ‘discipulus
873 5303 1034 5377 atque
1081 5305 1223 5359 idem
1270 5319 1560 5361 successor
1604 5305 1766 5361 Jesus

181 5395 348 5467 Nave,
395 5404 488 5475 qui
539 5405 784 5459 imitator
834 5410 892 5458 et
940 5417 1146 5474 suppar
1195 5401 1478 5471 magistri,
1507 5400 1767 5456 Jordanis

183 5504 340 5562 aquas
379 5499 648 5553 convertit
685 5504 987 5552 retrorsum
1019 5515 1031 5549 :
1077 5493 1332 5563 idemque
1370 5485 1495 5549 eum
1535 5494 1766 5565 inexpu-

251 5587 475 5659 fCodex
503 5597 640 5653 νοω
674 5586 962 5659 presbyter.
994 5587 1164 5658 Bittis.
1203 5650 1226 5659 δ
1383 5658 1386 5659 ν

253 5654 278 5692 ιι
307 5659 512 5715 Mallem
541 5654 846 5725 concilium,
873 5659 926 5712 id
949 5667 1034 5712 est
1052 5654 1254 5726 (immiti
1279 5679 1292 5723 ε
1316 5658 1534 5726 agmen,
1560 5655 1674 5714 t'tith
1698 5674 1768 5712 ex

189 5740 330 5782 sacra
360 5731 613 5795 historia,
645 5740 754 5784 tum
782 5722 845 5784 ex
879 5727 1115 5784 auctoris
1141 5722 1419 5787 contextu.
1452 5722 1731 5786 GALLAND.

260 5806 281 5835 ε
320 5799 725 5867 Differeba'ntur.
769 5799 941 5854 ΒΑΜ.

1857 4664 2077 4728 vallati,
2107 4663 2487 4734 interfectique
2513 4665 2784 4734 ingentem
2813 4665 2930 4722 suis
2954 4676 3192 4737 stragem
3221 4667 3454 4725 dedere:

1857 4759 1929 4813 ita
1962 4755 1988 4794 ἀ
2025 4761 2271 4813 hortatus
2307 4758 2572 4828 pr0pheta
2603 4775 2630 4812 a
2661 4760 2910 4829 patribus
2945 4762 3152 4817 nostris
3187 4763 3333 4817 sitim
3369 4781 3461 4834 pa-

1859 4851 1990 4906 riter
2028 4858 2081 4906 et
2119 4861 2324 4906 metum
2365 4851 2613 4921 depulit,
2658 4851 2912 4923 idemque
2952 4852 3220 4909 adversus
3259 4854 3459 4911 famem

1858 4943 2118 4998 auxilium
2147 4943 2292 4999 tulit.
2323 4942 2457 4998 Nam
2483 4955 2606 5000 eum
2635 4943 2981 5000 obsideretur
3002 4946 3268 5011 Samaria,
3301 4958 3463 5019 atque

1869 5033 1922 5088 in
1953 5047 2014 5088 ea
2041 5034 2258 5090 ciausus
2288 5046 2531 5091 maneret
2555 5047 2651 5090 rex
2676 5032 2878 5102 israei,
2910 5037 3088 5106 gravis
3116 5051 3209 5093 eos
3239 5041 3467 5110 urgebat

1870 5124 2039 5180 fames
2052 5151 2072 5191 ε,
2103 5134 2161 5181 ut
2187 5143 2257 5183 ne
2281 5142 2310 5180 a
2342 5127 2592 5182 nefandis
2618 5126 2836 5196 quidem
2863 5127 3138 5184 alimentis
3165 5131 3469 5189 abstinere-

1875 5225 1994 5272 tur:
2021 5225 2320 5274 cbnveutus
2344 5221 2604 5290 propheta
2632 5227 2800 5274 tantae
2831 5221 3068 5277 miseriae
3095 5221 3464 5292 deformitate,

1875 5311 2146 5382 simulque
2184 5313 2327 5384 regis
2367 5315 2557 5369 nuntio
2593 5315 2686 5384 qui
2727 5322 2950 5385 putaret
2988 5315 3268 5386 prephetre
3307 5317 3470 5374 dissi-

1878 5405 2176 5461 mulatione
2203 5408 2402 5464 famem
2443 5410 2778 5473 adolevisse,
2832 5412 3161 5481 respondit:
3205 5413 3468 5482 Sequenti

1873 5497 1991 5564 die,
2019 5509 2075 5555 et
2103 5502 2408 5557 ubertatem
2457 5502 2719 5559 frumenti
2739 5513 2842 5572 ,et
2876 5515 2898 5542 ο
2929 5505 3223 5562 utilitatem
3256 5503 3468 5566 videbis

1942 5590 1969 5631 d
2002 5595 2224 5634 Qum-me
2275 5595 2335 5634 In
3475 5626 3482 5634 .

1955 5595 1969 5631 ¹
2001 5595 2243 5662 Sanctus.
2275 5595 2355 5651 lo.
3017 5651 3024 5660 .

1955 5679 1976 5702 ο
2013 5660 2292 5722 νίιίιαιεηι.
2325 5667 2415 5722 Sic
2442 5677 2498 5722 et
2523 5667 2682 5739 paulo
2713 5663 2835 5737 post
2863 5667 2967 5739 leg.
3001 5655 3325 5728 Αδωιάαηιόο
3350 5679 3473 5734 om.

1879 5747 2028 5792 tatem
2062 5739 2283 5802 creauit,
2315 5739 2483 5792 vilitas
2517 5738 2671 5806 ﬁdem
2709 5738 2959 5808 implevit.
2995 5739 3070 5794 lo.
