3948 6320
443 265 581 321 2151

1795 248 2043 309 SANCTI
2082 245 2412 309 AMBROSII

3611 247 3783 307 2152

445 381 537 453 (IV
555 380 685 452 Reg.
703 378 896 450 vn,l).
917 376 1036 433 Non
1053 371 1297 431 credenti
1321 367 1535 436 nuntio,
1553 367 1718 425 dixit:
1746 368 1918 438 ipsum
1939 366 2051 438 qui-
2076 366 2128 426 A
2155 382 2269 422 rem
2304 367 2576 435 futurum,
2603 366 2649 422 si
2677 363 2997 423 coelestibus
3023 363 3269 437 imperiis
3312 361 3783 436 obtemperaret:

444 477 567 533 dem
588 518 601 540 ,
631 475 754 546 quia
782 488 890 529 non
921 470 1172 526 crederet
1199 481 1305 523 non
1333 466 1580 521 visurum
1603 505 1620 532 ,
1651 462 2048 534 promissorum

451 580 634 626 tamen
669 568 828 622 fidem
863 581 968 620 non
1000 563 1305 618 defuturam
1340 576 1352 612 :
1385 559 1674 629 subitoque
1703 572 1800 627 per
1829 561 2051 610 noctem

447 663 502 720 in
532 661 731 719 castris
754 657 927 731 Syriae
957 654 1201 712 hinnitus
1226 668 1494 725 equorum
1513 693 1530 720 ,
1558 664 1819 708 curruum
1846 646 2051 716 fragor,

451 756 840 829 quadrigarum
869 751 1204 807 currentium
1235 746 1516 810 fremitus,
1544 757 1822 800 armorum
1845 738 2054 796 sonitus

451 861 478 900 ει
505 850 694 908 auditu
726 857 930 904 metum
962 846 1246 902 incussere
1275 841 1608 907 victoribus,
1641 837 1786 910 quod
1817 837 1871 892 in
1901 833 2056 890 auxi-

452 945 584 1001 lium
627 942 870 999 Ilcbracis
910 939 1098 996 multa:
1135 953 1202 994 ac
1232 934 1430 990 valida:
1466 941 1660 1004 gentes
1696 926 2057 987 commeavis—

451 1047 605 1105 sent,
635 1051 700 1092 ac
723 1049 850 1091 sese
893 1031 1234 1096 imminenti,
1267 1040 1327 1085 ut
1352 1026 1780 1089 arbitrabantur,
1811 1017 2057 1090 periculo

452 1130 580 1202 fuga
626 1132 867 1186 eximere
908 1131 1361 1198 properaverunt.
1392 1119 1509 1175 Nox
1552 1115 1843 1173 consilium
1883 1118 2059 1166 matu-

452 1224 628 1289 ravit,
667 1230 936 1277 terrorem
967 1218 1139 1274 auxit.
1173 1213 1532 1286 Fugientibus
1568 1211 1752 1280 itaque
1780 1205 2052 1277 Assyriis,

453 1331 650 1372 omnes
670 1329 805 1386 quas
829 1314 1142 1368 invaserant
1162 1309 1340 1379 copize
1360 1350 1375 1374 ,
1401 1308 1453 1362 in
1478 1304 1676 1362 castris
1700 1301 1788 1357 die
1810 1297 2057 1369 sequenti

453 1419 709 1479 repertae.
736 1405 1088 1462 Abundantia
1115 1403 1406 1458 utilitatem
1420 1395 1867 1464 creavit,utilitas
1895 1391 2056 1448 tidem

456 1500 738 1573 implevit:
770 1514 918 1554 mors
951 1494 1236 1554 incrednlo
1265 1493 1371 1564 ipsi
1409 1491 1631 1563 quidem
1672 1488 1907 1544 fructum
1948 1485 2060 1540 eri-

456 1594 611 1666 puit,
668 1592 943 1664 publicum
997 1597 1181 1644 tamen
1236 1585 1542 1642 remedium
1587 1597 1697 1638 non
1749 1577 2054 1650 impedivit.

458 1687 658 1759 Liquet
695 1685 860 1755 igitur
900 1682 1164 1753 plurimos
1193 1688 1412 1750 patrum
1444 1677 1612 1732 duces
1636 1716 1652 1741 ,
1680 1689 1805 1730 cum
1835 1671 2062 1726 minime

2155 468 2251 514 aut
2289 461 2564 530 captivum
2604 459 2649 514 si
2690 456 3093 515 defendendum
3127 464 3403 528 putasset,
3437 455 3790 512 infidelitate

2154 552 2508 622 semetipsum
2536 560 2592 607 et
2620 564 2750 606 suos
2801 549 3039 621 decepit.
3074 548 3356 607 Abductus
3395 557 3517 605 erat
3556 548 3630 603 ab
3662 548 3790 605 As.

2155 643 2320 714 syriis
2348 643 2582 713 pepulus
2607 642 2923 699 Judaaorum
2957 643 3012 696 in
3039 641 3397 714 Babyloniam
3424 659 3439 696 :
3470 639 3680 713 reliqui
3704 640 3788 696 ad

2155 737 2442 809 Egyptios
2456 737 2755 793 transferre
2773 751 2855 805 se,
2880 737 2972 807 qui
2999 735 3784 802 resederant,deliberabant.

2157 827 2432 884 lllandavit
2457 829 2717 884 Dominus
2743 843 2841 899 per
2867 828 3196 884 Hieremiam
3225 828 3550 898 prophetam
3579 836 3641 884 et
3665 841 3788 884 ca:-

2159 928 2341 986 teros,
2382 931 2440 976 ut
2484 922 2642 977 unius
2690 922 2868 992 gentis
2893 928 3077 976 essent
3109 920 3342 990 imperio
3368 921 3660 988 contenti,
3707 937 3790 978 ne

2156 1016 2426 1087 geminata
2466 1015 2754 1086 captivitas
2797 1029 3099 1070 {erumnam
3137 1021 3384 1086 augeret.
3426 1013 3634 1070 Verum
3692 1013 3789 1070 illi

2158 1110 2552 1182 posthabentes
2582 1109 2800 1164 oracula
2828 1109 2955 1174 Dei,
2989 1107 3115 1163 facti
3146 1117 3273 1163 sunt
3303 1106 3533 1162 duarum
3560 1106 3787 1176 captivi

2157 1204 2432 1275 gentium,
2479 1203 2572 1272 qui
2617 1201 2776 1257 unius
2818 1200 2997 1272 gentis
3038 1201 3171 1270 jugo
3214 1200 3368 1256 exire
3416 1199 3790 1268 impatienter

2159 1297 2622 1354 desideraverant.
2652 1294 2839 1366 Itaque
2863 1295 2914 1349 in
2935 1293 3177 1366 Egypto
3196 1295 3415 1351 exsules
3448 1308 3787 1365 persevera-

2159 1401 2375 1448 verunt.
2418 1392 2487 1445 At
2516 1403 2648 1444 vero
2675 1388 2752 1443 illi
2784 1386 2876 1459 qui
2908 1388 2961 1442 in
2992 1385 3246 1459 Assyrios
3273 1387 3424 1442 ducti
3469 1396 3640 1454 sunt,
3673 1402 3783 1442 ex-

2161 1484 2306 1556 pleto
2337 1491 2582 1554 tempore
2607 1481 2942 1552 captivitatis
2960 1521 2976 1547 ,
3005 1479 3147 1550 quod
3177 1495 3274 1551 pro
3302 1481 3544 1551 peccatis
3573 1480 3777 1552 populi

2161 1577 2422 1632 Dominus
2443 1576 2825 1642 constituerat,
2851 1582 3037 1645 postea
3056 1571 3200 1645 Cyro
3223 1573 3549 1645 imperante,
3575 1591 3778 1632 reme-

2161 1667 2288 1724 andi
2310 1667 2620 1724 facultatem
2637 1667 2842 1738 adepti,
2860 1676 3204 1724 reverterunt
3218 1682 3344 1723 cum
3367 1669 3564 1738 gratia.
3580 1668 3781 1726 Reno-

453 1751 858 1852 pracliarentur,
889 1751 1174 1831 victoriam
1203 1771 1462 1842 adeptos:
1490 1768 1629 1823 alios
1658 1779 1876 1838 quoque
1903 1761 2056 1819 bello
2085 1751 2133 1810 Β
2161 1768 2342 1816 vatum
2373 1761 2466 1816 Dei
2497 1761 2756 1831 templum
2786 1770 2900 1826 est,
2931 1776 3119 1832 regum
3146 1761 3344 1832 opibus
3371 1759 3500 1833 Cyri
3529 1771 3587 1818 et
3617 1763 3780 1819 Darii

457 1873 771 1944 superiores
798 1870 1000 1935 fuisse;
1027 1867 1225 1939 quibus
1247 1861 1682 1926 consulentibus,
1704 1856 1946 1916 bellandi
1968 1856 2060 1926 jus

459 1965 685 2022 oraculo
711 1963 1038 2036 permissum
1072 1958 1236 2014 foret.
1271 1957 1517 2026 Denique
1545 1954 1723 2009 victus
1763 1947 2056 2013 Amalech;

459 2058 556 2114 sed
595 2073 718 2114 cum
757 2055 936 2112 Moses
980 2068 1174 2109 manus
1213 2051 1493 2107 elevaret:
1524 2047 1654 2102 vicit
1680 2044 1838 2102 Jesus
1877 2042 2057 2108 Nare,

460 2165 586 2207 cum
611 2149 783 2205 solem
812 2152 1114 2202 statueret:
1147 2143 1281 2199 vicit
1309 2149 1365 2198 et
1391 2139 1615 2197 Gedeon
1637 2181 1653 2206 ,
1683 2152 1807 2194 cum
1837 2135 1891 2191 in
1920 2149 2059 2206 aqua

460 2241 816 2300 dimicaturos
853 2237 1171 2309 probasset:
1212 2234 1444 2290 Samson
1484 2231 1645 2286 etiam
1669 2269 1682 2294 ,
1726 2243 1848 2284 cum
1885 2225 2062 2282 adhuc

461 2334 840 2392 intaminatum
869 2330 1080 2387 crinem
1111 2334 1397 2384 servaret:
1431 2324 1560 2379 vicit
1590 2330 1649 2378 et
1676 2319 1933 2386 Samuel,
1963 2316 2060 2374 sed

459 2446 583 2487 cum
613 2428 922 2499 adjutorem‘
948 2422 1183 2494 lapidem
1215 2422 1382 2492 figere
1411 2416 1811 2490 proposuisset.
1841 2411 1884 2467 Τ
1889 2412 2060 2466 rium-

460 2524 649 2596 phavit
672 2521 874 2586 David,
901 2534 1025 2576 cum
1057 2515 1420 2573 Bethsabeam
1449 2511 1577 2584 (hoc
1601 2516 1714 2573 est,
1745 2505 1910 2561 tiliam
1938 2501 2063 2596 sab-

470 2595 611 2687 bati)
645 2629 747 2670 suo
789 2611 1040 2683 conjugio
1069 2605 1401 2682 propheticis
1423 2603 1451 2642 ι’
1481 2599 1800 2658 ministeriis
1836 2595 2060 2668 copula-

466 2711 636 2766 vissct
663 2724 675 2761 :
702 2705 835 2762 vicit
863 2705 1027 2762 etiam
1057 2699 1203 2758 bello
1229 2698 1410 2762 civili,
1434 2696 1579 2768 quod
1607 2691 1910 2763 refugiebat
1937 2687 2060 2743 illa-

463 2811 576 2858 tum
609 2819 624 2855 :
665 2813 771 2855 non
815 2795 1082 2854 inferebat
1119 2795 1137 2866 (
1168 2792 1242 2847 nil
1283 2789 1432 2847 enim
1469 2787 1618 2845 bello
1645 2785 1794 2841 civili
1823 2779 2058 2850 foedius)

459 2895 624 2956 solus.
636 2893 729 2963 qui
756 2891 932 2963 potuit
962 2887 1166 2945 inferre
1191 2905 1205 2942 :
1232 2885 1366 2940 vicit
1385 2890 1441 2939 et
1465 2892 1487 2921 ο
1516 2878 1700 2951 Asapb
1726 2877 1940 2949 praelio,
1965 2872 2062 2930 sed

2162 1863 2593 1925 eaeterorumque
2620 1853 2908 1909 Persarum
2939 1855 3294 1911 muneribus:
3326 1856 3430 1927 ipsi
3459 1857 3647 1928 itaque
3675 1858 3777 1929 qui

2162 1957 2499 2014 everterant,
2530 1947 2818 2019 reparandi
2863 1956 3134 2018 sumptum
3177 1947 3480 2013 dederunt,
3509 1949 3780 2006 restitue-

2163 2051 2290 2098 runt
2317 2043 2481 2100 etiam
2503 2042 2596 2113 jus
2625 2041 2970 2097 sacerdomm
2991 2082 3005 2108 ,
3039 2042 3358 2112 cultumque
3381 2041 3648 2113 juverunt
3681 2058 3778 2098 re-

2162 2136 2396 2209 ligionis.
2443 2135 2514 2191 At
2557 2150 2686 2191 vero
2728 2135 2900 2190 nostri
2943 2136 3071 2190 dum
3115 2135 3481 2192 sacerdotium
3522 2137 3669 2194 inter
3709 2153 3774 2194 se

2162 2239 2516 2302 competunt,
2546 2238 2602 2287 et
2628 2230 2771 2299 apud
2799 2229 3030 2285 Parthos
3061 2231 3344 2296 ambiunt,
3377 2230 3618 2288 conferri
3661 2231 3772 2287 sibi

2164 2336 2526 2383 memoratum
2559 2328 2823 2382 honorem
2845 2369 2860 2394 ,
2894 2326 2963 2383 dc
2993 2327 3260 2397 religione
3287 2337 3654 2386 mercaturam
3691 2328 3774 2384 fe-

2162 2428 2376 2476 cerunt.
2417 2419 2558 2488 Quid
2595 2419 2664 2476 de
2706 2419 3020 2492 Babyloniis
3063 2420 3386 2491 querimur?
3411 2420 3642 2477 Nostros
3672 2436 3774 2478 ex-

2165 2513 2302 2584 perti
2327 2527 2514 2568 sumus
2535 2511 2862 2568 deteriores.
2887 2510 2967 2566 illi
2990 2511 3147 2567 nobis
3169 2512 3525 2569 reddiderunt
3550 2523 3573 2551 ο
3597 2528 3770 2570 omne

2158 2605 2248 2678 jus
2285 2606 2601 2678 religionis,
2641 2607 2720 2662 illi
2753 2606 3096 2662 sacerdotum
3132 2608 3464 2664 creationem
3503 2609 3771 2664 restitue-

2161 2709 2329 2767 runt,
2355 2710 2411 2758 et
2436 2701 2605 2756 nostri
2634 2715 2752 2757 eam
2780 2699 2961 2756 Persis
2987 2700 3257 2757 refudere.
3285 2701 3367 2756 llli
3389 2701 3768 2758 sacerdotales

2163 2792 2364 2849 infulas
2407 2794 2800 2863 'permiserunt
2853 2802 3054 2849 nostra:
3105 2795 3392 2864 potestati,
3443 2794 3618 2848 nostri
3669 2808 3764 2848 eas

2164 2885 2478 2956 Babyloniis
2516 2884 2812 2956 vectigales
2833 2884 3102 2941 fecerunt.
3128 2884 3267 2953 Quid
3290 2884 3542 2955 adjiciam
3565 2899 3765 2940 cruen-

461 2997 652 3061 postea
677 3001 838 3058 quam
861 2980 1278 3054 desperantibus
1297 2978 1432 3040 suis,
1457 2975 1600 3046 quod
1625 2986 1854 3028 numero
1879 2975 2055 3026 essent

2167 2986 2333 3034 latum
2381 2978 2678 3033 sacrarium
2730 2976 3026 3048 sanguine,
3078 2976 3302 3033 madere
3349 2991 3502 3033 sacra
3536 2977 3762 3044 limina,

462 3081 753 3140 inferiores
772 3077 936 3144 dixit,
956 3074 1090 3131 nihil
1114 3074 1404 3134 interesse,
1430 3067 1584 3139 pauci
1614 3081 1682 3120 an
1710 3065 1896 3135 plures
1923 3062 2058 3125 sint,

2163 3073 2418 3128 semiruta
2443 3071 2620 3127 adhuc
2645 3080 2790 3126 stare
2816 3071 3004 3142 templi
3029 3069 3281 3143 fastigia?
3303 3070 3480 3127 Minor
3505 3081 3592 3127 est
3615 3073 3763 3128 circa

463 3189 586 3232 cum
614 3172 762 3228 Deus
785 3181 988 3240 Ρθιιοοε
1012 3165 1265 3220 “mentes
1289 3173 1350 3216 3e
1370 3138 1620 3230 Pll'l‘ib'ls
1648 3154 1808 3210 ίθοίθί
1828 3149 2058 3206 validio'
2088 3138 2135 3202 ο
2165 3180 2266 3221 nos
2290 3166 2366 3220 ira
2393 3166 2515 3233 Dei,
2545 3181 2706 3237 quam
2731 3175 2914 3221 nostra
2931 3138 3250 3221 contentio:
3278 3165 3368 3220 illa
3397 3180 3495 3221 nos
3515 3165 3764 3236 captivos

463 3281 555 3325 res
581 3265 633 3337 (ι
657 3264 788 3335 Reg.
813 3276 921 3326 xiv,
947 3257 1028 3333 6).
1060 3257 1243 3311 Bonus
1271 3252 1521 3324 profecto
1549 3247 1689 3313 fide,
1718 3246 1764 3301 si
1791 3256 1966 3337 usque
1993 3241 2061 3296 ad

463 3336 624 3415 tinem
646 3359 1072 3427 perseverasset.
1094 3348 1238 3404 Vicit
1264 3352 1319 3401 et
1344 3342 1542 3399 mulier
1561 3340 1730 3396 armis
1751 3353 1875 3406 quae
1900 3336 2060 3392 fidem

467 3451 580 3507 Deo
619 3447 939 3505 reservavit.
985 3445 1054 3499 At
1093 3454 1224 3498 vero
1265 3437 1399 3494 Saul
1444 3435 1623 3491 victus
1651 3441 1770 3500 est,
1803 3430 1931 3502 quia
1961 3429 2060 3485 Dei

465 3549 801 3615 praeceptum
831 3552 942 3593 non
970 3532 1283 3591 custodivtt.
1314 3528 1650 3584 Vulneratus
1677 3525 1892 3587 Josias,
1933 3523 2058 3594 quia

463 3641 655 3690 contra
682 3630 966 3702 imperium
997 3627 1050 3682 in
1073 3625 1286 3680 hostem
1308 3619 1582 3693 processit
1607 3635 1620 3672 :
1648 3624 1872 3674 sanctus
1899 3625 2061 3671 crete-

463 3744 617 3798 rum,
648 3737 703 3784 et
733 3726 857 3782 ideo
895 3732 1114 3794 raptus,
1146 3733 1218 3775 ne
1247 3716 1625 3788 captivitatem
1669 3711 1872 3766 nostris
1909 3708 2062 3764 debi-

462 3831 573 3879 tam
602 3818 837 3894 peccatis
860 3816 1100 3873 videret.
1124 3809 1391 3869 Clamavit
1408 3805 1630 3864 Nachao
1656 3822 1669 3860 :
1701 3802 1820 3860 Non
1847 3817 1964 3858 sum
1991 3800 2058 3857 ad

462 3926 517 3975 te
545 3916 743 3972 missus
764 3955 779 3980 ,
802 3911 984 3969 ferens
1013 3907 1132 3978 ejus
1161 3905 1286 3961 fidei
1319 3900 1688 3960 testimonium
1717 3915 1732 3965 ;
1762 3897 1858 3954 sed
1884 3895 2061 3952 invol-

460 4011 541 4066 vit
561 4023 686 4066 eum
704 4049 720 4073 ,
751 4006 893 4062 sicut
917 4010 1043 4058 ante
1070 3996 1376 4064 Amasiam,
1408 3993 1746 4051 consortium
1774 3987 2059 4060 degeneris

458 4102 760 4160 societatis.
803 4098 1050 4168 Denique
1077 4103 1133 4150 et
1159 4093 1230 4148 ab
1257 4089 1480 4146 homine
1505 4087 1602 4144 Dei
1633 4084 1874 4142 menitus
1901 4092 2019 4140 erat
2038 4121 2054 4150 ,

458 4205 522 4252 ut
548 4194 678 4249 illos
705 4205 844 4263 quos
872 4188 944 4244 ad
971 4186 1102 4244 belli
1132 4182 1452 4240 societatem
1483 4186 1700 4234 centum
1733 4175 1942 4247 argenti
1971 4184 2053 4230 ta-

454 4286 621 4344 lentis
646 4282 1016 4344 conduxerat,
1047 4276 1378 4340 dimitteret,
1405 4272 1452 4327 si
1492 4269 1660 4325 vellet
1686 4267 1928 4324 vincere.
1956 4266 2056 4322 Cui

457 4376 763 4443 dubitanti,
790 4371 932 4446 quod
960 4377 1170 4426 tantum
1198 4364 1357 4437 pretii
1389 4362 1695 4418 amissurus
1741 4359 1916 4424 foret,
1962 4373 2053 4414 re-

457 4470 679 4542 spondit
704 4466 965 4540 propheta
995 4461 1139 4530 quod
1171 4459 1397 4516 haberet
1427 4455 1688 4512 Dominus
1717 4451 2054 4525 plura,unde

458 4566 621 4623 etiam
648 4569 932 4634 argentum
960 4557 1140 4614 eidem
1170 4552 1492 4612 restitueret
1517 4567 1531 4605 :
1560 4563 1670 4621 quo
1699 4548 1894 4605 fretum
1924 4562 2057 4604 con-

459 4656 639 4714 ductis
661 4651 1004 4711 renuntiasse
1027 4646 1265 4712 auxiliis,
1294 4643 1492 4700 vicisse
1518 4657 1642 4698 cum
1674 4639 2051 4711 paucioribus;

459 4747 489 4789 ἀ
515 4765 584 4806 ne
624 4748 801 4820 ipsum
839 4743 1057 4817 quidem
1100 4742 1213 4798 Deo
1252 4746 1418 4795 tanta;
1457 4736 1705 4793 victoria:
1745 4734 2051 4791 mercedem

457 4840 722 4898 solvisse:
749 4837 844 4894 sed
871 4836 1019 4892 illico
1043 4833 1174 4906 ipsis
1199 4827 1502 4886 simulacris
1528 4842 1651 4896 quae
1672 4825 1848 4880 victor
1867 4837 2053 4894 coepe-

456 4943 574 5000 rat,
600 4930 859 4989 detulisse
886 4925 1152 4984 sacrificia
1171 4966 1186 4990 ,
1214 4921 1369 4993 quasi
1398 4933 1588 4976 eorum
1611 4916 1879 4974 beneficio
1906 4917 2052 4971 vice-

453 5026 548 5094 rit,
567 5039 686 5097 quae
716 5023 769 5080 in
791 5020 1030 5093 praedam
1059 5013 1386 5087 captivitatis
1415 5011 1720 5082 redegerat.
1753 5007 2053 5066 Sedechias

455 5123 577 5194 ipse
613 5115 1056 5178 incumbentibus
1094 5112 1209 5184 jam
1252 5108 1444 5179 patrire
1487 5107 1693 5172 ruinis,
1734 5121 1834 5176 per
1861 5103 2049 5160 Hiere-

455 5213 624 5272 miam
662 5218 962 5268 conventus
993 5205 1317 5278 prophetam
1341 5239 1358 5268 ,
1389 5213 1514 5256 cum
1547 5195 1734 5252 hostili
1764 5194 2049 5250 obsidione

452 5313 816 5382 premeretur,
862 5310 922 5358 ut
955 5298 1147 5357 urbem
1176 5293 1362 5368 egredi
1389 5308 1500 5350 non
1540 5297 1843 5358 metueret,
1875 5289 2048 5345 victo-

529 5499 560 5529 ι
586 5485 790 5544 Audiri.
818 5482 989 5541 ΒΑΜ.

524 5559 554 5601 ι’
584 5537 979 5622 Habetin.
1020 5578 1094 5594 -
1118 5546 1356 5622 gemina
1388 5550 1515 5600 sunt
1540 5555 1666 5622 quae
1683 5537 1857 5622 habet
1883 5552 2045 5622 sanc-

448 5641 539 5691 tus
560 5611 804 5689 Batjerin
827 5623 1090 5696 Apologia
1114 5617 1282 5697 David
1301 5617 1471 5673 altera
1497 5611 1622 5697 cap,
1646 5612 1734 5678 10,
1765 5625 1915 5697 num.
1949 5611 2043 5667 51.

451 5690 730 5773 υὲηξίμιο,Δ
755 5690 961 5773 inquit,
1001 5690 1059 5748 iu
1098 5693 1228 5773 scias
1271 5690 1758 5773 esse-mysterium;
1775 5690 2046 5773 interpre-

452 5761 846 5830 tare’tiocdbula'
875 5806 891 5823 .
939 5804 954 5822 .
998 5807 1012 5820 .
1055 5803 1070 5822 .
1117 5762 1436 5818 Davusne:
1462 5770 1607 5812 rtus
1634 5767 1856 5812 suam
1886 5793 1902 5819 ,
1933 5761 2042 5809 etc.

2163 3260 2326 3324 fecit,
2355 3260 2456 3314 ista
2479 3259 2775 3331 sacrilegos
2801 3275 2814 3313 :
2848 3259 2940 3314 illa
2969 3257 3582 3316 disseminavitludazos
3601 3301 3619 3325 ,
3643 3259 3762 3316 haec

2161 3353 2396 3410 sustulit.
2422 3351 2711 3418 Conferte,
2738 3353 2784 3408 si
2810 3352 3044 3418 videtur,
3069 3350 3196 3422 quid
3225 3353 3440 3408 intersit
3465 3352 3610 3408 inter
3631 3366 3762 3424 cap-

2162 3449 2426 3503 tivitatem
2453 3455 2692 3503 nostram
2723 3453 2780 3501 et
2805 3445 3130 3502 seditionem
3160 3456 3425 3503 nostram.
3455 3443 3762 3516 Captivitas

2161 3551 2344 3598 nostra
2367 3541 2620 3612 gentibus
2646 3539 2843 3594 infudit
2861 3549 3060 3596 nostra:
3088 3539 3366 3610 religionis
3384 3539 3722 3596 consortium
3743 3556 3759 3592 :

2161 3635 2357 3691 seditio
2402 3643 2588 3689 nostra
2623 3635 2786 3690 etiam
2825 3633 3028 3690 Judaeis
3064 3633 3266 3689 ademit
3308 3633 3591 3704 religionis
3635 3650 3760 3705 gra-

2161 3729 2312 3784 tiam.
2343 3728 2476 3795 Quis
2507 3737 2688 3784 autem
2717 3728 2995 3785 Romanos
3037 3730 3089 3783 in
3131 3728 3371 3784 Judmam
3416 3729 3756 3797 introduxit,

2159 3819 2266 3876 nisi
2295 3820 2528 3893 Hyrcani
2557 3830 2610 3877 et
2639 3822 2939 3878 Aristobuli
2968 3822 3285 3878 contentio?
3323 3822 3456 3892 Quis
3497 3822 3717 3879 Sosium
3740 3865 3756 3890 ,

2160 3915 2262 3970 nisi
2312 3915 2602 3972 Herodes?
2647 3916 2781 3984 Quis
2805 3915 3136 3982 Antonium,
3189 3914 3292 3970 nisi
3340 3916 3576 3971 Sosius?
3620 3915 3756 3984 Quis

2159 4005 2428 4064 Caesarem
2456 4007 2767 4080 imploravit
2791 4009 2894 4065 sibi
2923 4024 3142 4079 regem,
3169 4009 3274 4065 nisi
3301 4009 3436 4064 vos?
3460 4009 3592 4078 Quis
3619 4009 3755 4065 alius

2159 4112 2360 4172 praeter
2383 4116 2482 4158 vos
2511 4101 2856 4172 Antipatrum
2885 4116 3056 4172 regno
3087 4103 3330 4170 expulit,
3361 4109 3417 4157 et
3445 4101 3752 4158 libertatem

2160 4194 2212 4248 in
2241 4193 2568 4266 Antipatro?
2593 4193 2661 4248 Et
2691 4201 2871 4249 tamen
2903 4209 3010 4250 non
3042 4193 3386 4265 reprehendo
3406 4235 3422 4260 ,
3453 4208 3631 4266 neque
3659 4193 3753 4250 ab-

2159 4302 2268 4343 nuo
2296 4287 2513 4342 Florum
2541 4287 2595 4342 in
2622 4300 2722 4342 vos
2747 4286 2979 4343 sceleste
3002 4286 3364 4343 consuluisse.
3393 4286 3505 4344 Sed
3530 4288 3751 4358 querela

2160 4379 2419 4436 Romanis
2448 4379 2740 4436 deferenda
2768 4378 2902 4448 fuit,
2933 4395 3042 4435 non
3073 4396 3225 4436 arma
3258 4380 3560 4438 inferenda.
3592 4382 3752 4452 Spre-

2156 4470 2312 4527 vistis
2351 4471 2655 4541 Neronem,
2699 4472 2793 4528 sed
2837 4471 3202 4543 Vespasianus
3239 4481 3618 4530 successerat:
3663 4477 3750 4546 qui

2159 4566 2426 4638 benignus
2451 4577 2644 4624 natura
2667 4607 2680 4632 ,
2711 4567 2996 4640 benignior
3025 4579 3203 4624 tamen
3233 4570 3395 4626 etiam
3423 4570 3608 4626 studio
3632 4587 3750 4627 esse

2160 4659 2365 4730 potuit,
2392 4659 2516 4731 quia
2544 4661 2598 4716 in
2622 4659 2807 4716 Iudaea
2835 4661 3124 4732 imperium
3150 4671 3521 4734 assumpserat
3548 4681 3562 4718 :
3590 4674 3682 4720 aut
3704 4666 3749 4720 si

2157 4767 2262 4807 non
2287 4753 2540 4808 movebat
2563 4752 2754 4823 pietas,
2779 4753 2949 4808 virtus
2977 4762 3127 4811 certe
3152 4753 3270 4825 ejus
3299 4770 3395 4810 vos
3420 4755 3611 4812 debuit
3633 4755 3749 4812 adi-

2154 4860 2316 4916 gere,
2349 4855 2407 4900 ut
2449 4845 2604 4901 vobis
2626 4845 3008 4902 consuleretis.
3031 4847 3137 4904 Sed
3159 4847 3431 4917 quomodo
3457 4847 3618 4903 vobis
3643 4864 3748 4905 non

2156 4945 2439 5008 parceret,
2472 4937 2564 5006 qui
2600 4939 2846 5009 pepercit
2873 4937 3124 5008 Joseph?
3153 4938 3252 4996 Cui
3293 4940 3440 4996 enim
3482 4940 3749 5008 infestior,

2158 5046 2318 5102 quam
2351 5031 2482 5086 mihi
2512 5045 2636 5088 esse
2665 5032 2894 5089 debuit?
2933 5033 3066 5099 Quis
3094 5033 3301 5104 majora
3329 5034 3617 5091 adversum
3647 5035 3754 5092 Bo-

2153 5139 2350 5181 manos
2375 5126 2710 5181 munimenta
2757 5127 3070 5183 exstruxit?
3117 5127 3251 5194 Quis
3298 5127 3604 5184 studiosius
3652 5143 3749 5200 pro

2151 5219 2328 5288 patria
2371 5215 2391 5254 f
2434 5215 2838 5275 decernendum
2903 5219 3113 5292 putavit
3149 5221 3175 5275 Ἰ
3243 5219 3539 5294 Postquam
3575 5223 3750 5294 _vobis

2150 5462 2394 5522 Mazuca.
2427 5462 2466 5518 ι.
2494 5479 2543 5519 c.
2576 5479 2704 5534 pag.
2734 5461 2860 5521 851.

2227 5549 2249 5606 9
2276 5538 2353 5592 Ex
2371 5532 2624 5592 contextu
2649 5532 2939 5606 legendum
2956 5532 3168 5592 videtur
3180 5533 3740 5597 Jonathaaﬁauuo.

2221 5604 2248 5645 ά
2279 5607 2474 5680 Forte,
2505 5622 2596 5661 nec
2625 5604 2813 5680 ipsum.
2843 5605 2920 5680 In.
3071 5657 3080 5666 _

2227 5689 2251 5717 ε
2285 5678 2371 5734 Al.
2401 5678 2556 5734 deest
2579 5677 2687 5733 vo’x
2715 5679 2838 5732 ista.
2874 5677 3044 5734 ΒΑιιιι.

2225 5749 2246 5788 τ
2281 5753 2360 5806 An
2385 5749 2796 5806 decertandum?
2816 5749 2922 5807 Sed
2948 5747 3083 5806 nihil
3108 5758 3278 5808 muto.
3306 5751 3589 5825 Siquidem
3608 5752 3738 5828 apud
