3948 6368
119 343 303 400 2155
1036 349 1309 408 HISTOR.
1351 351 1442 407 DE
1481 348 1760 407 EXCIDIO
1802 347 2076 410 lllEROS.
2120 354 2323 414 URBIS
2366 357 2496 415 LIB.
2542 359 2636 414 V.‘
3325 369 3467 423 2154

121 467 161 498 ι
190 459 470 517 bellando
489 459 810 531 complacita
840 461 1080 518 conditio
1111 471 1222 530 est,
1255 464 1525 520 bellorum
1549 463 1765 536 quidem
1792 463 1850 523 Α
1873 469 1998 523 ret?
2026 470 2131 526 Sed
2155 472 2284 539 quid
2309 487 2410 543 ego
2435 472 2636 530 diutius
2665 474 3010 532 sermonibus
3036 476 3321 547 immoror,
3348 495 3469 537 cum

126 550 314 609 initia
349 568 457 609 non
491 552 825 622 probabam,
856 553 954 610 sed
984 565 1240 626 suscepta
1273 573 1379 611 non
1407 557 1765 612 deserebam:
1869 561 2026 631 plena
2070 559 2315 617 horroris
2353 570 2410 618 et
2449 564 2681 634 gemitus
2722 565 2900 620 omnia
2942 567 3470 638 circumfunduntur,

129 652 438 700 testantur
463 645 569 700 hoc
593 645 862 726 Jotapata:
891 645 1040 702 urbis
1061 689 1076 713 ,
1110 661 1231 717 qua:
1262 647 1558 704 bellantem
1591 647 1772 704 adhuc
1872 654 2172 725 templique
2227 654 2496 710 excidium
2554 667 2879 727 properetur
2907 658 2930 711 ?
2983 661 3076 730 qui
3132 662 3275 718 istud
3329 667 3472 720 oculi

128 746 450 802 texerunt,
482 737 719 806 favillae,
750 753 838 795 me
870 738 1013 795 bello
1040 754 1146 794 non
1177 739 1484 805 destitisse,
1517 740 1622 796 uisi
1651 750 1773 811 post
1870 760 2150 821 spectare,
2181 750 2288 823 'qui
2327 765 2522 807 sensus
2561 754 2807 822 perpeti,
2849 753 2973 824 quis
3016 755 3250 812 tolerare
3294 768 3476 829 potest

131 832 281 904 ejus
311 831 553 888 civitatis
581 832 806 888 ruinas:
840 831 1125 889 delituisse
1148 875 1162 900 ,
1197 833 1376 904 quoad
1411 834 1558 904 potui
1591 835 1644 888 in
1676 834 1772 890 illo
1871 843 2130 899 animus?
2170 842 2216 899 Ο
2255 844 2400 900 saxis
2440 843 2724 912 duriores,
2772 845 2917 902 ferro
2944 846 3262 918 rigidiores,
3295 852 3386 921 qui
3418 851 3471 906 in

134 941 377 984 eversa:
404 926 558 983 urbis
583 926 857 996 sepulcro,
887 925 1180 997 pertulisse
1209 925 1406 983 famem
1428 969 1444 995 ,
1478 942 1548 983 ne
1573 925 1774 982 Roma-

1883 936 2038 992 tantis
2066 951 2250 992 rerum
2284 938 2642 993 humanarum
2686 938 2947 1010 prodigiis
2983 940 3162 997 adhuc
3202 941 3344 997 inter
3376 957 3475 999 vos

135 1020 242 1076 nis
279 1035 371 1076 me
395 1019 667 1075 traderem
695 1036 708 1073 :
735 1019 1002 1092 quaesisse
1027 1019 1284 1075 veniendi
1315 1018 1382 1073 ad
1411 1032 1508 1075 vos
1532 1018 1730 1090 effugia
1757 1036 1772 1074 =
1872 1035 2147 1099 tamquam
2172 1028 2237 1083 ad
2259 1029 2476 1084 virtutis
2494 1030 2892 1088 aemulationem
2914 1031 2984 1088 de
3000 1033 3208 1090 scelere
3227 1035 3472 1102 certatis;

136 1111 260 1168 sed
302 1110 710 1183 deprehensum
734 1152 748 1178 ,
786 1127 895 1168 non
933 1121 1129 1183 sponte
1169 1128 1484 1185 egressum,
1517 1113 1773 1170 maluisse
1874 1127 1930 1174 et
1957 1119 2102 1188 quod
2128 1128 2214 1174 est
2239 1120 2490 1190 gravius,
2521 1135 2618 1176 vos
2647 1122 2749 1191 ipsi
2779 1123 3006 1192 patriam
3039 1123 3320 1181 destruitis
3342 1169 3356 1194 ,
3390 1136 3472 1180 at-

139 1207 348 1277 perire
376 1220 498 1262 cum
541 1205 709 1272 meis,
742 1207 838 1262 sed
873 1206 1189 1277 pepercisse
1217 1205 1523 1263 Caesarem:
1556 1214 1774 1277 optasse

141 1301 448 1357 vobiscum
476 1300 655 1370 potius
683 1301 1010 1370 periclitari,
1036 1317 1142 1358 non
1165 1302 1307 1374 quod
1332 1302 1620 1373 probarem
1642 1318 1774 1359 con-

140 1393 347 1450 silium
369 1435 384 1461 ,
411 1392 506 1448 sed
532 1393 675 1463 quod
701 1393 959 1465 eligerem
989 1394 1212 1466 periculi
1243 1395 1522 1452 vobiscum
1550 1411 1775 1452 consor-

148 1486 326 1541 tium.
374 1485 590 1542 Gratias
626 1494 806 1542 tamen
837 1487 986 1553 Deo,
1015 1487 1159 1558 quod
1187 1486 1214 1526 δ
1246 1489 1380 1544 tanti
1409 1489 1632 1545 sceleris
1663 1505 1770 1545 non

146 1579 334 1634 incidi
377 1580 695 1636 societatem
715 1622 730 1647 ,
760 1595 830 1637 ne
855 1580 1184 1636 seditionum
1217 1581 1467 1637 incentor
1495 1581 1774 1638 existima-

145 1688 298 1729 rer:
348 1683 444 1729 aut
487 1676 610 1744 quia
660 1674 746 1730 bis
790 1675 1006 1731 misceri
1049 1674 1370 1746 nequibam,
1418 1676 1769 1746 parricidium

147 1768 312 1840 quod
345 1784 508 1824 manu
538 1769 815 1825 declinare
857 1777 1132 1840 poteram,
1177 1769 1263 1826 vel
1302 1779 1538 1826 mortem
1579 1771 1772 1840 imple-

1873 1228 1980 1282 que
1999 1213 2116 1283 ejus
2132 1215 2342 1285 augetis
2359 1214 2601 1269 ruinam!
2622 1215 3008 1272 Convertimini
3032 1218 3340 1289 aliquando,
3373 1221 3473 1275 ali—

1875 1303 2093 1374 quando
2109 1305 2432 1374 resipiscite,
2451 1305 2716 1376 judicatc,
2737 1316 2793 1363 et
2809 1307 2988 1365 videte
3013 1309 3468 1379 pulchritudinem

1875 1400 2064 1470 patria:
2090 1400 2588 1471 quamlprodidistis
2613 1421 2626 1459 :
2656 1419 2776 1475 quae
2807 1405 2958 1471 urbs,
2996 1406 3138 1477 quod
3173 1408 3432 1478 templum
3457 1452 3471 1475 ,

1875 1507 1994 1562 qua:
2023 1501 2338 1548 sanctorum
2366 1493 2638 1550 domicilia
2665 1535 2678 1561 ,
2711 1510 3107 1568 sacrorumque
3137 1501 3469 1568 penetralia,

1874 1598 1996 1654 quae
2013 1584 2396 1655 prophetarum
2416 1600 2580 1656 opera
2599 1587 2792 1642 vestris
2809 1587 3058 1644 manibus
3075 1589 3472 1647 evisceranturi

1875 1678 1935 1735 ln
1967 1679 2083 1736 haec
2111 1682 2396 1752 quisquam
2430 1679 2674 1738 ﬂammas
2706 1681 2890 1748 ducit,
2918 1692 2974 1739 et
3003 1687 3208 1756 spargit
3235 1686 3386 1756 ignes
3416 1696 3473 1743 et

1876 1773 2122 1829 incendia
2161 1775 2461 1842 ministrat,
2505 1790 2606 1831 nec
2654 1776 2767 1831 ullo
2816 1775 3011 1833 affectu
3053 1779 3344 1834 movetur?
3382 1796 3474 1835 ru-

147 1875 306 1917 rem.
338 1860 503 1917 Certe
533 1876 600 1916 ne
629 1861 1030 1918 sanctissimam
1063 1872 1293 1920 matrem
1325 1879 1424 1936 pro
1455 1880 1544 1920 me
1572 1865 1776 1922 dilace—
1803 1849 1853 1911 Β
1882 1866 2109 1937 pium,si
2134 1866 2395 1933 sentiret,
2426 1868 2574 1938 rigor
2602 1868 2993 1924 resolveretur.
3022 1869 3184 1926 Certe
3208 1881 3262 1926 et
3290 1872 3476 1928 insen-

151 1954 281 2009 rari
320 1969 637 2020 cernerem,
684 1969 1041 2026 meorumque
1079 1955 1320 2028 dispergi
1358 1958 1611 2024 viscera;
1655 1974 1774 2029 quae

151 2047 482 2102 miseranda
532 2047 782 2118 quidem,
832 2048 930 2104 sed
978 2057 1158 2105 tamen
1203 2050 1546 2106 tolerabilius
1588 2061 1672 2106 est
1711 2067 1774 2107 ea

154 2138 318 2210 pati,
351 2154 512 2211 quam
543 2139 763 2196 fecisse.
807 2140 949 2208 Quid
987 2141 1149 2213 igitur
1187 2142 1365 2198 adhuc
1402 2145 1776 2213 eXSpectatis?

153 2233 252 2290 An
286 2234 436 2304 signa
465 2231 778 2303 majorum?
822 2232 941 2289 Non
986 2249 1049 2290 ea
1095 2235 1253 2292 nobis
1299 2237 1526 2304 merita,
1563 2251 1669 2293 non
1711 2253 1775 2294 ea

156 2327 317 2384 circa
360 2327 453 2383 Dei
494 2328 700 2384 cultum
739 2326 941 2384 officia.
973 2328 1090 2385 Non
1122 2345 1186 2385 ea
1216 2330 1621 2398 Romanorum,
1653 2348 1776 2404 qua:

160 2419 523 2491 Assyriorum
566 2421 896 2491 infidelitas,
941 2423 1030 2493 qui
1079 2433 1306 2496 accepto
1348 2427 1525 2496 pretio
1571 2426 1778 2483 disces-

162 2513 344 2568 sionis
389 2512 548 2570 fidem
591 2513 840 2585 fregere:
873 2529 975 2570 nec
1013 2515 1411 2584 recedendum,
1455 2517 1552 2574 sed
1597 2520 1778 2576 acrius

164 2607 532 2679 ingruentium
562 2617 839 2677 putarunt.
869 2609 1010 2679 Quin
1038 2612 1201 2666 etiam
1228 2619 1287 2666 ut
1311 2626 1378 2668 ex
1407 2611 1779 2669 accidentibus

165 2700 498 2771 colligamus
536 2700 736 2756 divinae
773 2709 980 2756 motum
1019 2701 1344 2771 sententiae,
1376 2703 1546 2759 Deum
1575 2703 1779 2761 Judaeis

167 2791 454 2849 adversari
491 2802 703 2849 certum
740 2805 843 2850 eSt.
895 2793 1132 2865 Denique
1159 2794 1322 2866 Syloa
1349 2810 1472 2867 quae
1503 2804 1630 2852 ante
1660 2796 1780 2854 bel-

166 2886 290 2943 lum
330 2889 474 2944 sicca
516 2888 727 2957 fuerat,
772 2897 828 2944 et
866 2903 1058 2944 omnes
1081 2900 1236 2944 extra
1282 2890 1473 2946 urbem
1520 2889 1775 2961 fontium,

168 2997 331 3038 venae
361 2997 480 3052 quae
503 2982 596 3037 diu
627 2981 798 3038 ﬂuere
826 2990 1144 3048 cessarunt,
1178 2991 1240 3037 ut
1277 2999 1412 3054 aqua
1457 2994 1645 3041 nostro
1683 2986 1780 3042 de-

171 3085 325 3133 esset
351 3076 502 3143 usui,
537 3075 642 3132 nisi
671 3075 850 3146 pretio
876 3076 1103 3146 quaesita
1130 3093 1146 3136 ς
1174 3093 1320 3135 nunc
1350 3081 1403 3134 in
1447 3095 1578 3136 usus
1617 3081 1776 3138 rede—

171 3177 282 3224 unt.
304 3182 450 3236 suos,
475 3176 532 3225 et
550 3167 675 3224 Tito
700 3182 760 3224 se
786 3167 1103 3225 advenienti
1129 3170 1438 3227 refundunt.
1465 3171 1780 3230 Scaturiunt

174 3265 379 3320 uberes
436 3278 587 3319 venzc
619 3305 635 3332 ,
690 3272 853 3334 atque
905 3263 978 3318 ita
1033 3279 1298 3336 aquarum
1355 3265 1778 3325 redundantium

174 3358 361 3418 omnia
399 3359 701 3429 replentur,
746 3367 804 3414 ut
843 3373 952 3414 non
994 3359 1170 3414 solum
1214 3361 1481 3416 exercitui
1522 3361 1672 3432 large
1709 3362 1780 3417 ad

177 3463 369 3525 potum
405 3453 740 3515 exuberent.
777 3452 873 3508 sed
909 3452 1072 3508 etiam
1109 3454 1293 3524 equis,
1329 3454 1686 3510 bellatoribus
1715 3470 1779 3510 ac

171 3546 468 3618 jumentis,
496 3543 896 3616 pecoribusque
924 3544 1222 3610 universis,
1255 3544 1537 3601 hortorum
1564 3560 1780 3617 quoque

176 3639 400 3711 irriguis
426 3653 535 3694 non
561 3638 703 3695 desit
727 3652 988 3710 aquarum
1013 3638 1341 3694 abundantia
1369 3657 1382 3694 :
1415 3649 1471 3695 ιιι
1503 3649 1775 3711 tamquam

177 3735 549 3792 adnitentibus
593 3734 883 3790 elementis
926 3734 1172 3790 victoria:
1213 3733 1476 3790 Romanae
1517 3735 1779 3805 largiores

176 3825 377 3884 credas
400 3825 553 3881 fundi
578 3833 807 3882 meatus.
849 3825 1310 3897 Recognoscimus
1342 3827 1590 3897 prodigia
1620 3842 1780 3898 supe-

179 3920 358 3986 riora,
404 3934 525 3989 qua:
571 3918 733 3975 etiam
786 3926 916 3974 tunc
963 3929 1166 3974 nostra:
1209 3919 1359 3975 urbis
1401 3929 1780 3989 prmvenerunt

181 4011 551 4081 captivitatem
578 4028 592 4066 :
625 4012 859 4068 cessavit
885 4026 1023 4081 aqua
1054 4010 1256 4066 ludatis
1276 4051 1292 4077 ,
1327 4009 1532 4067 refudit
1560 4026 1622 4068 se
1651 4012 1782 4068 hos-

183 4104 364 4169 tibus,
404 4118 471 4158 ne
511 4103 601 4158 siti
646 4102 858 4159 obsidio
888 4102 1259 4174 impediretur.
1293 4102 1404 4158 Nec
1433 4103 1629 4158 mirum
1659 4113 1777 4170 est,

183 4196 230 4252 si
259 4195 482 4251 recessit
510 4210 540 4249 a
567 4194 767 4250 Judaeis
793 4195 974 4251 divina
1000 4196 1172 4268 gratia
1193 4237 1208 4264 ,
1238 4211 1374 4267 quos
1401 4205 1548 4252 tanta
1575 4196 1778 4269 ﬂagitia

181 4287 682 4345 circumvallarunt.
713 4290 796 4342 An
823 4302 952 4342 vero
977 4287 1154 4344 bonus
1179 4288 1262 4343 vir
1291 4289 1508 4358 plenum
1539 4290 1782 4346 horroris

184 4396 298 4437 non
341 4379 537 4450 refugit
564 4379 973 4436 diversorium?
1003 4391 1058 4436 et
1091 4381 1311 4438 domum
1343 4397 1500 4438 suam
1530 4383 1776 4452 deserit,

184 4477 233 4532 si
258 4475 382 4544 quid
409 4476 459 4530 in
486 4489 550 4531 ea
573 4475 926 4531 commissum
951 4475 1172 4532 sceleris
1196 4478 1517 4548 agnoverit?
1543 4476 1782 4534 declinat

183 4569 422 4640 indignae
459 4568 812 4624 habitationis
845 4569 1154 4636 consortia,
1191 4579 1508 4625 exsecratur
1549 4584 1780 4626 conver-

183 4661 424 4718 santium
457 4660 802 4730 iniquitates:
832 4668 888 4714 et
917 4659 1225 4716 dubitamus
1254 4660 1324 4716 de
1352 4677 1568 4717 summo
1596 4671 1650 4717 et
1681 4661 1781 4716 im-

185 4751 459 4809 maculato
500 4751 650 4819 Deo,
693 4751 840 4822 quod
881 4752 1172 4809 abhorreat
1211 4761 1484 4808 tantorum
1534 4758 1782 4827 contagia

185 4845 516 4916 flagitiorum
543 4862 557 4898 :
588 4855 642 4900 et
671 4845 1006 4902 funestorum
1036 4846 1303 4902 scelerum
1331 4859 1614 4903 aversetur
1641 4858 1787 4904 atro-

188 4939 448 5002 citatem,
493 4953 591 4991 nec
633 4935 946 4992 demoretur
986 4937 1040 4992 in
1089 4937 1478 5008 parricidarum
1526 4941 1786 4996 concilia-

187 5033 332 5090 bulis
353 5073 366 5098 ,
401 5029 492 5101 qui
519 5030 728 5085 Dathan
759 5040 813 5086 et
842 5029 1065 5087 Abirom
1087 5072 1102 5098 ,
1133 5031 1258 5101 quia
1289 5030 1492 5086 Mosem
1521 5041 1576 5088 et
1601 5033 1784 5090 Aaron

192 5123 556 5200 praeripiendo
587 5123 878 5180 sacerdOtii
912 5140 1140 5182 munere
1173 5125 1592 5190 lacessiverant,
1624 5141 1784 5197 sepa-

190 5217 302 5276 rari
329 5215 398 5271 ab
426 5216 659 5272 innoxiis
687 5217 947 5287 praecepit
965 5258 980 5285 ,
1009 5233 1075 5272 ne
1099 5217 1216 5287 pios
1242 5227 1335 5272 aut
1361 5217 1570 5274 macula
1598 5229 1791 5275 conta-

192 5313 426 5371 minaret
451 5310 521 5368 de
548 5313 828 5367 consortio
867 5311 1152 5366 noxiorum
1174 5351 1190 5375 ,
1226 5319 1318 5366 aut
1356 5325 1514 5382 pana
1548 5311 1791 5370 involve-

196 5466 404 5516 vetercs
427 5458 655 5513 sumitur
679 5453 947 5512 interdum
977 5454 1194 5509 decerno
1217 5453 1462 5509 absolute
1489 5469 1584 5523 pro
1606 5454 1783 5511 decer-

198 5541 325 5586 tare.
356 5527 488 5600 Nep.
518 5530 702 5583 Annib.
735 5543 854 5595 cap.
880 5528 945 5582 ιε
977 5527 1104 5580 Cum
1131 5527 1225 5580 hoc
1247 5524 1424 5580 eodem
1447 5526 1509 5580 de
1531 5525 1780 5583 Clastidio

199 5599 571 5673 apudAPadum
601 5600 850 5673 decernit.
881 5600 1158 5654 GALLAND.

275 5683 301 5710 ἰ
331 5671 588 5728 Bellandi.
621 5672 788 5727 BARR.

271 5743 299 5783 ι)
329 5743 469 5799 Nihil
491 5742 803 5800 addendum
825 5751 916 5797 aut
939 5739 1784 5807 mutandumexistimes.Livius,

204 5816 298 5874 lib.
323 5831 396 5880 tv,
424 5831 543 5888 cap.
570 5816 633 5870 41
668 5833 680 5867 :
718 5813 855 5888 Huic
888 5814 1112 5888 timendo
1152 5811 1320 5888 hosti,
1348 5822 1523 5867 utrum
1551 5828 1668 5866 cum
1699 5813 1788 5867 de-

206 5882 810 5958 ctittarem,'csttnnsn
838 5884 1147 5953 improvisus
1180 5882 1358 5938 videor
1394 5898 1651 5940 metuisse
1673 5925 1687 5953 ,
1720 5899 1789 5938 an

651 5981 927 6043 ΡΑι-ιιοι..
976 5978 1116 6040 XV.

1805 4616 1860 4679 D

1877 1956 2056 2013 sibilia
2086 1957 2406 2030 plerumque
2438 1960 2488 2014 in
2521 1960 2772 2015 maximis
2813 1975 2991 2016 rerum
3028 1963 3478 2021 acerbibitatibus

1877 2062 2070 2104 sensus
2100 2049 2338 2118 speciem
2375 2061 2397 2088 ο
2427 2051 2747 2117 metiuntur,
2780 2061 2840 2107 ut
2869 2054 3078 2124 scopuli
3124 2064 3384 2124 tremant,
3426 2069 3478 2112 ct

1879 2139 2160 2196 madentes
2198 2143 2463 2212 sanguine
2504 2152 2672 2212 guttae
2700 2144 2909 2201 ﬂuant:
2942 2162 3040 2202 vos
3079 2156 3258 2204 autem
3289 2150 3482 2207 immo-

1875 2230 2015 2287 biles
2041 2233 2438 2301 perseveratis,
2468 2230 2495 2270 ἀ
2527 2243 2584 2288 ut
2609 2235 2741 2306 quid
2767 2236 2961 2292 melius
2993 2247 3115 2307 post
3140 2238 3257 2296 haec
3283 2255 3475 2312 super-

1877 2325 1981 2393 sit,
2015 2325 2142 2397 quid
2171 2326 2388 2398 dignius
2417 2327 2561 2398 quod
2607 2330 2920 2385 reservetis.
2961 2331 3248 2389 Postremo
3287 2334 3333 2389 si
3379 2336 3477 2390 ista

1877 2432 1985 2473 non
2014 2429 2236 2474 movent
2255 2460 2271 2486 ,
2302 2421 2427 2490 quia
2455 2419 2596 2490 apud
2623 2421 2738 2490 pios
2763 2425 3136 2491 praestantiora
3167 2435 3330 2492 sunt,
3360 2443 3482 2482 ves-

1879 2521 2084 2568 irarum
2130 2513 2327 2568 Saltem
2369 2514 2704 2570 miseremini
2747 2517 3247 2573 necessitudinum:
3293 2521 3480 2590 ponite

1877 2611 2006 2660 ante
2035 2603 2223 2660 oculos
2250 2605 2486 2660 filiorum
2517 2616 2826 2662 vestrorum
2869 2622 3062 2677 neces,
3093 2619 3185 2663 aut
3216 2610 3360 2666 ferro
3386 2619 3482 2667 aut

1876 2696 2021 2752 fame
2049 2715 2061 2750 :
2093 2707 2148 2752 et
2181 2697 2264 2753 his
2292 2699 2628 2754 acerbiorem
2651 2741 2666 2767 ,
2699 2715 2928 2756 uxorum
2959 2711 3014 2758 et
3044 2701 3272 2759 filiarum
3301 2707 3479 2762 servi-

1879 2798 2049 2848 tutem
2071 2833 2085 2857 ,
2121 2793 2315 2863 quibus
2349 2801 2463 2849 tuta
2493 2793 2718 2850 libertas
2757 2797 2898 2862 erit,
2946 2805 3105 2866 pacto
3145 2798 3440 2855 deditionis
3463 2842 3476 2866 ,

1878 2893 1973 2938 aut
2014 2883 2224 2954 captiva
2272 2894 2294 2920 ο
2325 2885 2606 2941 servitutis
2649 2885 2799 2942 urbis
2844 2889 3154 2944 eversione.
3201 2887 3483 2948 Consulite

1878 2970 2006 3029 dum
2047 2975 2206 3043 licet,
2249 2991 2319 3030 ne
2366 2975 2618 3046 graviora
2668 2985 2790 3046 post
2839 2988 3068 3033 mortem
3118 2982 3476 3052 relinquatis,

1876 3082 2037 3139 quam
2077 3079 2204 3124 ante
2233 3077 2464 3124 mortem
2498 3069 2722 3126 fecistis.
2756 3071 2864 3126 Nec
2889 3087 2990 3142 ego
3022 3072 3157 3129 liber
3187 3077 3255 3130 ab
3288 3076 3474 3146 hujus—

1882 3158 2029 3214 modi
2060 3159 2305 3230 periculo
2337 3176 2478 3216 sum.
2511 3160 2647 3216 Novi
2678 3173 2733 3218 et
2763 3163 2910 3234 ipse,
2945 3166 3073 3234 quia
3113 3181 3235 3221 cum
3284 3170 3482 3223 vestris

1804 3224 1853 3290 θ
1883 3253 2045 3311 simul
2079 3255 2417 3324 periclitatur
2456 3256 2800 3312 sanctissima
2840 3257 2972 3313 mihi
3017 3267 3214 3325 mater,
3259 3271 3314 3316 et
3355 3277 3478 3316 cara

1883 3363 2042 3414 uxor,
2066 3348 2207 3404 haud
2237 3349 2472 3420 ignobile
2493 3365 2687 3422 genus,
2711 3360 2767 3407 et
2787 3351 3061 3420 quondam
3081 3353 3276 3410 domus
3303 3354 3475 3410 clara.

1879 3443 1960 3497 Ac
1987 3441 2222 3499 fortasse
2251 3452 2474 3514 propter
2513 3459 2666 3500 meos
2703 3445 2818 3500 haec
2849 3461 2936 3502 me
2979 3448 3212 3504 suadere
3251 3448 3480 3504 arbitra-

1880 3534 2053 3590 mini:
2100 3535 2335 3591 occidite
2377 3549 2506 3603 eos,
2549 3545 2604 3591 et
2633 3536 2861 3606 accipite
2906 3537 3128 3609 insuper
3169 3540 3478 3596 mercedem

1880 3642 2060 3682 meum
2090 3628 2450 3699 sanguinem:
2484 3629 2717 3686 libenter
2755 3629 2896 3686 hanc
2921 3633 3126 3686 solvam
3168 3635 3474 3690 mercedem

1880 3733 2079 3782 vestra:
2108 3725 2298 3782 salutis
2318 3768 2333 3794 ,
2367 3727 2413 3782 si
2447 3735 2568 3796 post
2597 3742 2684 3782 me
2714 3743 2911 3798 sapere
2941 3731 3189 3800 potestis.

2453 3819 2684 3876 CAPUT
2725 3820 2886 3876 XVII.

1949 3911 2026 3966 Ea
2051 3910 2321 3981 Josephus
2347 3925 2470 3965 cum
2501 3910 2756 3982 lacrymis
2783 3911 3114 3969 vociferatus
3133 3957 3146 3982 ,
3181 3916 3477 3988 plerosque

1879 4002 1949 4059 de
1996 4003 2199 4073 populo
2245 4003 2497 4058 inﬂexit:
2549 4011 2610 4058 ut
2642 4002 2711 4058 ad
2759 4005 3032 4061 Romanos
3081 4007 3475 4078 confugerent,

1878 4095 2113 4151 venditis
2134 4111 2254 4167 qua:
2267 4095 2637 4166 possidebant.
2660 4096 2809 4166 Quos
2828 4097 2981 4154 Titus
3007 4113 3114 4170 quo
3135 4102 3365 4171 quisque
3385 4119 3483 4159 cu~

1879 4191 2082 4264 plebat,
2099 4191 2307 4248 direxit
2334 4191 2595 4247 :utetiam
2621 4193 2803 4248 creteri
2834 4204 3259 4263 provocarentur
3278 4196 3478 4253 Roma-

1880 4287 1967 4341 nis
1994 4299 2055 4341 se
2082 4285 2202 4342 sine
2228 4293 2374 4340 metu
2392 4285 2628 4341 tradere.
2668 4283 3025 4342 Conﬂuebant
3048 4289 3227 4359 itaque
3260 4303 3476 4361 reperta

1881 4378 2189 4450 egrediendi
2210 4379 2386 4448 copia,
2404 4378 2581 4433 securi
2603 4378 2868 4445 salutis,si
2892 4378 2957 4433 ad
2986 4378 3262 4436 Romanos
3288 4397 3484 4440 come-

1882 4471 2101 4528 nirent:
2132 4485 2232 4526 nec
2263 4469 2478 4526 solliciti
2507 4469 2574 4524 de
2597 4470 2858 4526 servitute
2888 4470 3082 4540 quibus
3124 4471 3346 4529 libertas
3389 4491 3475 4530 rc—

1882 4574 2213 4620 servaretur.
2232 4562 2298 4619 Hi
2316 4577 2444 4618 vero
2459 4562 2549 4632 qui
2563 4561 2926 4632 sequebantur
2945 4562 3207 4620 Joannem
3225 4580 3288 4620 ac
3302 4566 3477 4621 Simo-

1885 4671 2008 4711 nem
2034 4655 2273 4709 arbitros
2302 4662 2357 4708 et
2402 4653 2710 4709 incentores
2751 4653 3066 4720 seditionis,
3113 4657 3280 4726 magis
3309 4658 3480 4713 scele-

1885 4763 2005 4803 rum
2037 4760 2248 4818 pmnas,
2267 4760 2428 4816 quam
2443 4744 2670 4800 adversa
2689 4745 2815 4800 belli
2838 4745 3264 4803 reformidabant
3290 4766 3305 4802 :
3329 4749 3478 4805 ideo-

1883 4855 1989 4912 que
2017 4841 2185 4894 intuta
2236 4836 2341 4893 sibi
2368 4836 2574 4908 refugia
2599 4837 2983 4907 opinabantur.
3028 4838 3139 4894 Nec
3167 4840 3343 4896 solum
3371 4840 3476 4911 ipsi

1887 4950 1994 4992 non
2010 4928 2500 5001 audebantegredi,
2520 4927 2615 4986 sed
2630 4929 2788 4984 etiam
2807 4929 3029 4986 insidias
3053 4932 3481 5001 prmtendebaut,

1888 5045 1958 5086 ne
1983 5027 2069 5084 cui
2100 5027 2290 5081 liceret
2327 5039 2358 5079 e
2395 5023 2592 5094 populo
2621 5024 2810 5079 urbem
2854 5025 3023 5080 exire.
3046 5024 3324 5098 Majurque
3353 5043 3482 5084 cura

1891 5121 2386 5194 erategressionem
2401 5133 2809 5190 suorum,quam
2823 5119 3192 5176 Romanorum
3212 5123 3489 5194 ingressus

1891 5233 2111 5276 cavere.
2139 5215 2488 5272 Tenebantur
2519 5216 2700 5286 itaque
2748 5215 2934 5282 inviti;
2981 5223 3037 5272 et
3074 5217 3119 5272 si
3147 5219 3269 5288 quis
3294 5219 3489 5290 depre-

1889 5313 2095 5371 hensus
2123 5310 2282 5378 foret,
2313 5325 2510 5383 graves
2540 5323 2730 5380 pcenas
2758 5308 2946 5367 dabat.
2997 5309 3248 5380 Suspicio
3281 5313 3488 5380 tenuis,

1890 5467 2176 5513 occurrere.

1961 5538 1984 5567 c
2029 5520 2375 5577 Mentiuntur.
2415 5515 2584 5572 BARB.

1956 5594 1984 5636 ά
2026 5596 2098 5648 Ac
2125 5592 2199 5646 sic
2226 5587 2369 5658 quid.
2401 5587 2476 5642 lo.

1961 5679 1983 5707 θ
2027 5665 2188 5722 Forte
2219 5657 2454 5713 Servitus.
2488 5657 2741 5724 Scilicet,
2771 5670 2862 5714 aut
2895 5669 3004 5715 tnta
3035 5659 3242 5714 libertas
3267 5671 3486 5715 .....ant

1888 5739 2089 5811 captiva
2138 5729 2406 5811 servin”.-
2451 5737 2506 5784 ει
2551 5729 2640 5810 illa
2696 5731 2916 5811 quidem
2955 5740 3138 5801 :pacto
3179 5729 3489 5800 deditionis;

1891 5798 2007 5870 haec
2033 5819 2210 5864 autem
2241 5798 2380 5855 urbis
2412 5800 2689 5856 eversione.
2723 5798 2998 5858 GALLAND.

2833 5959 2905 6020 31
