3948 6340
487 323 635 381 2155

1837 309 2088 369 SANCTI
2125 306 2451 367 AMBROSII

3659 301 3794 358 2156

483 438 817 509 gravissimae
871 448 1031 492 causa
1078 434 1290 488 mortis.
1333 431 1453 486 Non
1477 428 1819 502 argumentis
1846 429 2080 494 veritas,
2112 450 2161 507 Α
2191 426 2344 481 uistri
2374 423 2728 489 seditionum,
2759 423 2940 479 clausa
2967 422 3353 495 expugnabant
3377 461 3394 489 ,
3429 420 3795 477 intolerabilia

485 530 585 587 sed
632 526 918 600 suppliciis
961 524 1326 596 quaerebatur.
1374 522 1546 594 Siqui
1579 524 1858 593 pecuniosi
1885 532 2085 589 erant,

486 620 665 677 afﬁcto
709 618 939 677 crimine
974 627 1001 654 ει
1038 615 1327 672 seditionis
1360 615 1718 685 rapiebantur
1764 614 1831 671 ad
1859 627 2085 671 necem:

488 714 534 770 si
574 714 666 785 qui
698 713 925 783 inopes,
953 711 1081 782 quia
1115 724 1224 766 non
1274 709 1548 766 habebant
1592 725 1699 781 quo
1746 724 1806 767 se
1852 709 2091 767 redime-

487 816 638 873 rent,
674 802 838 860 morti
863 803 1147 875 patebant.

1063 893 1292 953 CAPUT
1334 894 1525 953 XVIII.

559 988 629 1053 Et
651 988 762 1059 jam
792 988 976 1060 gravis
1008 988 1180 1046 fames
1207 993 1432 1059 saevire,
1476 998 1639 1060 atque
1669 988 1904 1060 amplius
1947 988 2093 1045 sedi-

489 1081 565 1139 tio
593 1081 829 1150 grassari
857 1090 1103 1152 coeperat
1132 1080 1318 1137 furore
1366 1096 1431 1136 ac
1462 1080 1679 1136 vesania
1707 1098 1721 1135 :
1756 1079 2092 1137 frumentum

488 1187 597 1227 non
663 1173 1078 1243 reperiebatur,
1131 1174 1319 1229 nullus
1375 1174 1532 1241 panis
1588 1174 1641 1231 in
1696 1172 1916 1242 publico
1965 1186 2089 1226 usu.

488 1265 673 1324 Sicubi
722 1279 844 1323 esse
895 1275 1243 1336 compertum
1292 1264 1491 1334 fuerat,
1528 1265 1678 1320 illico
1702 1265 1896 1320 domus
1924 1278 2095 1334 expu-

485 1358 776 1429 gnabatur.
807 1357 1161 1430 Jugulabatur
1182 1357 1378 1413 aedium
1429 1357 1682 1414 dominus
1705 1399 1721 1425 ,
1749 1367 1804 1413 ut
1840 1356 2095 1412 frumenti

487 1451 762 1520 conditor,
812 1450 957 1525 quod
1008 1451 1411 1508 occultavisset.
1444 1452 1651 1508 Ilursus
1699 1466 1808 1508 non
1867 1450 2099 1522 repertis

491 1543 739 1616 frugibus
763 1585 780 1613 ,
812 1544 967 1615 quasi
1014 1543 1327 1615 diligentius
1367 1544 1708 1601 absconditae
1734 1544 1949 1610 forent,
1986 1550 2101 1598 tor-

490 1645 672 1695 menta
701 1637 1112 1701 exercebantur.
1143 1636 1415 1708 Optabam
1445 1638 1690 1710 plerique
1721 1639 1916 1695 mortis
1939 1653 2099 1693 com-

487 1730 743 1801 pendium
764 1772 780 1798 ,
812 1745 937 1787 cum
982 1744 1079 1786 eos
1103 1738 1197 1793 aut
1226 1731 1396 1786 fames
1423 1731 1690 1799 afficeret,
1717 1741 1813 1789 aut
1856 1732 2099 1789 crudeli-

2192 527 2247 574 et
2274 533 2431 573 novae
2461 516 2796 573 crudelitatis
2822 514 3410 588 exigebantsupplicia.
3436 513 3552 571 Nec
3578 518 3649 569 ab
3671 514 3801 584 ipsis

2192 611 2410 682 quidem
2473 610 2737 678 pudendis
2785 610 3032 681 corporis
3081 610 3484 666 abstinebatur.
3535 609 3642 664 Per
3686 608 3801 677 ipsa

2194 719 2413 775 quoque
2457 718 2616 774 pmua
2642 694 2948 771 transibat;
2992 702 3137 775 quod
3165 703 3218 758 in
3252 701 3337 758 his
3363 701 3585 773 gravior
3609 713 3805 756 sensus

2195 811 2482 869 pmnarum
2509 798 2603 852 sit.
2634 795 2785 852 Multi
2812 796 3066 866 cumjam
3102 810 3457 866 percussores
3488 795 3805 865 irrumpeno

2197 900 2279 946 tes
2307 891 2601 957 viderent,
2662 898 2882 961 paratos
2931 890 3215 960 rapiebant
3239 890 3430 956 cibos;
3477 905 3545 945 ne
3573 889 3661 946 vel
3704 890 3807 958 ipsi

2196 982 2656 1040 defraudarentur
2699 999 2958 1054 supremo
2987 984 3187 1041 viatico
3211 1026 3227 1053 ,
3265 985 3355 1041 vel
3382 992 3532 1041 certe
3562 982 3809 1039 futuram

2200 1086 2433 1133 mortem
2482 1077 2918 1133 ulciscerentur:
2971 1088 3028 1132 et
3085 1092 3192 1147 quo
3252 1077 3472 1146 gravior
3520 1075 3813 1131 videbatur

2199 1169 2497 1226 crudelitas
2529 1211 2545 1237 ,
2599 1184 2709 1226 non
2738 1170 3057 1226 esuriehant
3085 1169 3317 1240 ipsi,qui
3333 1169 3618 1239 rapiebant
3653 1168 3812 1224 cibos

2199 1263 2585 1320 esurientibus.
2639 1264 2869 1333 Rapinis
2898 1265 3043 1319 enim
3094 1263 3200 1319 sibi
3247 1263 3479 1319 aliorum
3509 1278 3644 1334 epes
3672 1278 3811 1317 coa-

2200 1368 2486 1414 cervarant
2506 1398 2522 1423 ,
2553 1367 2609 1413 et
2634 1357 2830 1413 alienis
2860 1357 3093 1413 conditis
3125 1357 3523 1427 pascebantur:
3551 1372 3673 1412 cum
3700 1356 3811 1427 ipsi

2199 1451 2294 1521 qui
2320 1459 2734 1521 congesserant,
2767 1449 3071 1516 esurirent,
3101 1448 3421 1521 jejunioque
3450 1448 3811 1506 contabesce-

2202 1553 2344 1600 rent.
2391 1544 2449 1601 Si
2478 1560 2584 1615 qua
2613 1553 2866 1600 materno
2892 1542 3087 1599 affectu
3122 1544 3327 1613 percita
3345 1586 3361 1610 ,
3413 1542 3684 1598 miserans
3713 1557 3777 1595 va
3798 1572 3814 1585 -

2203 1636 2346 1707 gitus
2373 1635 2650 1703 infantia},
2700 1651 2924 1692 succum
2967 1636 3212 1691 ciborum
3257 1650 3355 1691 ore
3393 1635 3616 1705 proprio
3641 1633 3819 1690 vellet

2206 1727 2520 1796 infundere,
2551 1728 2625 1799 pii
2663 1730 2847 1799 operis
2880 1742 3068 1799 ptenas
3095 1728 3296 1795 luebat,
3330 1741 3710 1798 suspensaque
3737 1725 3813 1779 ad

490 1832 572 1888 tas
609 1822 966 1880 excruciaret.
1003 1822 1246 1894 Denique
1272 1824 1362 1893 qui
1393 1823 1641 1879 seniores
1667 1833 1825 1880 erant
1849 1823 2100 1879 occidere
2129 1844 2177 1907 Β
2206 1823 2512 1887 cervicem,
2550 1821 2638 1878 vel
2690 1822 2933 1879 merente
2977 1820 3045 1877 ad
3090 1821 3361 1877 mamillae
3387 1821 3619 1891 pignore
3643 1818 3815 1874 simul

491 1915 949 1987 dedignabantur,
978 1916 1284 1973 invidentes
1302 1916 1627 1974 beneficium
1657 1916 1875 1984 mortis,
1900 1917 2100 1987 quibus

486 2006 598 2077 jam
634 2007 1012 2065 vehementior
1060 2009 1305 2065 carnifex
1345 2010 1519 2066 fames
1542 2049 1558 2078 ,
1593 2010 1897 2067 miserabili
1922 2011 2099 2067 macie

494 2101 799 2163 visceribus
852 2102 1039 2158 exesis
1100 2102 1244 2165 nuda
1295 2119 1423 2159 ossa
1471 2102 1500 2142 1)
1546 2105 1810 2160 tenuitate
1865 2113 2096 2161 texerat.

491 2196 787 2265 Spirabaut
810 2196 1113 2253 semineces
1143 2197 1263 2252 solo
1292 2198 1471 2253 adhuc
1499 2198 1695 2266 spiritu
1715 2237 1733 2266 ,
1762 2207 1927 2268 atque
1948 2208 2097 2268 :egra

495 2287 785 2344 trahebant
812 2287 1098 2344 cadavera.
1155 2287 1344 2344 Sicubi
1376 2297 1730 2358 purgamenta
1759 2288 1970 2344 olerum
2012 2287 2099 2344 vel

496 2395 628 2438 casu
660 2382 814 2450 lapsa
846 2422 861 2447 ,
901 2380 988 2437 vel
1017 2380 1171 2451 quasi
1214 2381 1367 2437 arida
1415 2382 1659 2452 proiecta
1708 2380 2099 2451 adspexerant,

498 2485 520 2514 ε
551 2473 760 2545 reliqua
807 2472 1030 2528 invalidi
1062 2488 1295 2543 corpore
1319 2514 1334 2539 ,
1365 2489 1465 2529 ore
1495 2473 1810 2529 lambebant
1862 2472 2099 2543 iacentia

498 2568 671 2631 humi.
727 2568 834 2623 Aut
885 2566 1062 2622 sicubi
1107 2567 1376 2623 internata
1433 2566 1731 2635 parietibus
1777 2567 1892 2621 visa
1924 2567 2103 2623 fuerat

495 2664 659 2723 herba
683 2704 699 2731 ,
744 2662 1022 2734 rapientes
1051 2677 1217 2719 succo
1247 2661 1449 2717 infelici
1503 2661 1760 2717 miseram
1785 2661 2102 2717 solabamur

493 2756 717 2813 famem.
768 2756 869 2824 Qui
921 2754 1150 2813 ditiores
1176 2764 1359 2821 erant,
1417 2769 1731 2810 mensuram
1776 2752 1944 2811 tritici
1987 2763 2103 2810 toto

492 2862 662 2904 censu
688 2847 965 2903 emebant.
1014 2846 1154 2914 Quid
1186 2847 1333 2903 enim
1364 2857 1649 2902 servarent
1699 2862 1808 2902 non
1855 2846 2104 2917 profutu-

495 2938 655 2994 rum?
678 2938 780 3007 Qui
808 2937 1184 3009 pauperiores,
1222 2939 1309 2994 vel
1332 2938 1524 2994 hordei
1554 2958 1567 2994 :
1592 2940 1666 2994 ita
1701 2948 1761 2994 ut
1790 2954 1953 2996 nemo
1971 2955 2103 2996 vett-

495 3030 715 3088 dentem
744 3030 827 3086 vel
853 3040 1128 3086 ementem
1158 3031 1386 3086 videret.
1431 3029 1547 3087 Hoc
1592 3031 1737 3086 enim
1775 3033 1922 3087 omni
1978 3047 2103 3104 gra-

496 3123 618 3181 vius
647 3123 858 3181 scelere
886 3125 1230 3195 puniebatur.
1263 3123 1456 3194 Neque
1487 3140 1620 3181 vero
1650 3125 1921 3195 coquendi
1947 3127 2103 3197 panis

2208 1915 2688 1987 transfigebantur.
2720 1916 2974 1987 Plerique
3003 1916 3167 1972 etiam
3198 1915 3526 1972 beneficium
3558 1922 3817 1985 putantes

2204 2009 2342 2064 mori
2369 2048 2385 2074 ,
2435 2007 2856 2079 egrediebantur
2903 2009 3131 2075 urbem,
3183 2016 3243 2063 ut
3280 2008 3483 2065 herbas
3510 2008 3813 2070 vellerent,

2204 2102 2288 2159 vel
2319 2101 2538 2158 radices
2566 2102 3014 2173 depascerentur,
3047 2110 3140 2156 aut
3166 2101 3398 2158 cortices
3427 2101 3686 2157 arborum
3716 2100 3817 2154 de-

2202 2196 2527 2265 traherent,
2568 2198 2616 2253 si
2641 2197 2770 2268 quid
2803 2199 2855 2252 in
2899 2197 2984 2252 bis
3010 2196 3257 2252 viriditas
3297 2198 3369 2251 ad
3398 2195 3511 2252 cibi
3542 2196 3814 2251 solamina

2200 2290 2683 2358 subministraret,
2705 2306 2841 2361 quos
2878 2290 3217 2346 invenientes
3255 2289 3488 2345 Romani
3520 2288 3816 2345 necabant.

2206 2384 2392 2454 Atqui
2424 2384 2637 2441 hostem
2687 2391 2972 2451 evaserat,
3018 2382 3073 2437 in
3123 2384 3244 2454 ipso
3292 2392 3463 2452 porta:
3515 2382 3711 2439 ruebat
3740 2382 3816 2436 li-

2203 2482 2351 2537 mine
2373 2522 2388 2547 ,
2437 2479 2582 2537 fame
2611 2479 2826 2536 tabidus
2852 2489 2908 2534 et
2932 2495 3029 2536 ore
3061 2478 3363 2545 invalidus,
3414 2494 3580 2551 quem
3617 2478 3727 2548 jam
3756 2486 3818 2533 et

2203 2575 2320 2645 ipsa
2353 2573 2645 2631 tnandendi
2696 2574 2873 2631 ofﬁcia
2900 2574 3298 2631 destituissent.
3350 2572 3656 2644 Regressus
3678 2588 3817 2644 qun-

2204 2682 2309 2738 que
2337 2667 2648 2736 excipiebat
2677 2666 2903 2721 feralior
2932 2680 3155 2734 manus,
3198 2682 3320 2736 quae
3351 2665 3421 2722 de
3455 2663 3685 2736 gremiis
3710 2663 3818 2719 mi-

2205 2776 2458 2817 serorum
2487 2775 2702 2815 summo
2732 2761 2957 2828 quaesita
2989 2759 3250 2830 periculo,
3272 2775 3371 2830 per
3390 2758 3814 2814 acerbissimum

2204 2860 2559 2924 extorqueret
2584 2852 2769 2921 nefas,
2820 2869 2921 2910 nec
2951 2863 3163 2924 partem
3193 2861 3504 2908 reservaret
3536 2868 3637 2923 pro
3665 2866 3817 2906 mer-

2203 2949 2339 3004 cede
2399 2948 2589 3004 saltem
2636 2947 2886 3018 periculi.
2954 2946 3323 3002 “oriebantur
3366 2946 3555 3015 itaque
3610 2943 3817 3014 majore

2202 3055 2425 3097 suorum
2477 3056 2640 3111 quam
2702 3039 2939 3096 hostium
2967 3040 3345 3112 impressione.
3400 3037 3482 3093 Ea
3519 3038 3665 3094 enim
3693 3051 3817 3107 qua:

2204 3136 2369 3191 etiam
2399 3134 2573 3189 hostis
2595 3133 2921 3198 indulserat,
2950 3133 3091 3188 civis
3111 3131 3413 3202 eripiebat:
3443 3146 3548 3187 nec
3569 3129 3816 3201 rapuisse

498 3236 630 3277 usus
655 3219 1102 3291 aspectabat”.
1150 3234 1219 3275 ne
1240 3232 1390 3274 mors
1420 3218 1773 3287 ρι’ωνεηίτθι.
1818 3227 1913 3275 aut
1950 3235 2103 3275 mora
2132 3228 2179 3303 α
2211 3237 2390 3284 tamen
2424 3226 2578 3282 istius
2597 3225 2742 3281 modi
2771 3224 2952 3280 cibum
2985 3224 3260 3295 proderat,
3303 3224 3507 3293 quippe
3535 3237 3646 3277 non
3677 3221 3819 3277 mul-

498 3312 834 3383 proditnrem
866 3322 1194 3371 arcesseret.
1228 3310 1284 3365 In
1313 3310 1543 3367 occultis
1568 3310 1778 3377 abditi,
1828 3311 2102 3368 incoctum

500 3405 833 3460 inaudebant
864 3403 1133 3471 triticum,
1162 3404 1360 3475 quibus
1386 3404 1488 3457 ulla
1515 3404 1602 3458 vel
1633 3404 1829 3475 exigua
1850 3405 2104 3461 frumenti

499 3497 657 3566 cOpia
685 3502 822 3552 erat.
852 3495 1009 3551 Nulla
1037 3512 1223 3552 mensa
1244 3538 1260 3563 ,
1311 3497 1519 3552 nullum
1561 3497 1756 3565 sedile,
1793 3498 1940 3553 nulla
1969 3500 2059 3555 lux
2086 3516 2100 3553 :

498 3606 569 3646 ne
594 3589 718 3661 quis
746 3588 1146 3658 interveniret,
1196 3599 1359 3657 atque
1388 3585 1417 3627 ἀ
1443 3590 1769 3659 improvisos
1796 3590 2105 3659 deprehen-

501 3683 677 3740 deret.
711 3681 771 3739 Si
798 3698 966 3739 sonus
993 3683 1134 3739 ullus
1152 3724 1169 3752 ,
1197 3683 1674 3739 abscondebantur
1700 3685 1807 3741 cibi
1838 3703 1851 3740 :
1880 3700 2104 3756 suspec-

502 3784 573 3830 ta:
604 3774 927 3830 solitudines
952 3817 967 3842 ,
1008 3774 1327 3847 frequentiae
1360 3774 1751 3845 parricidales:
1808 3777 1950 3832 inter
1976 3792 2105 3832 suos

502 3872 659 3928 triste
706 3881 1008 3927 certamen.
1065 3872 1296 3926 Utnuetn
1351 3871 1497 3927 enim
1562 3870 1816 3927 allectum
1864 3872 2108 3929 excludit

502 3963 674 4020 fames
694 4004 710 4031 ,
742 3970 799 4018 et
840 3963 1078 4019 maxime
1106 3963 1525 4028 verecundiam;
1558 3964 1929 4022 esurientibus
1957 3966 2105 4021 enim

505 4060 679 4129 pudor
708 4057 1055 4128 dispendium
1087 4058 1242 4125 vitm,
1284 4068 1340 4113 et
1362 4059 1755 4115 detrimentum
1784 4060 1978 4116 salutis
1997 4069 2103 4116 eat.

506 4151 566 4207 Si
594 4150 716 4224 quis
744 4151 827 4206 vir
856 4149 945 4205 cui
988 4150 1182 4205 mulier
1220 4162 1368 4206 esset
1397 4160 1492 4206 aut
1548 4151 1644 4205 filii
1696 4162 1788 4207 aut
1842 4162 2101 4223 nepotes,

503 4242 708 4315 aliquid
736 4256 878 4298 escae
904 4241 1154 4308 haberet,
1188 4242 1278 4298 vix
1302 4242 1598 4299 fatebatur:
1620 4243 1877 4300 similiter
1906 4253 1962 4300 et
1988 4261 2107 4300 mu-

501 4334 689 4391 lieres.
722 4337 791 4393 At
819 4336 907 4390 cui
955 4336 1135 4390 mitior
1161 4335 1397 4403 animus,
1435 4336 1523 4391 ubi
1545 4337 1885 4406 apposuisset
1915 4337 2111 4393 alimo-

504 4428 687 4489 niam,
718 4426 787 4482 de
827 4425 1079 4481 manibus
1120 4425 1241 4496 ejus
1287 4426 1735 4497 extorquebatur.
1778 4427 2108 4485 Miserabilis

502 4530 620 4575 erat
648 4520 823 4587 cibus,
856 4533 981 4574 esca
1012 4518 1415 4590 Iacrymabilis;
1466 4519 1755 4589 rapiebant
1788 4521 2110 4591 parentibus

2208 3331 2264 3379 to
2295 3329 2419 3392 post
2449 3329 2473 3358 °
2513 3320 2707 3376 virenti
2733 3332 2967 3389 corpore
2996 3316 3431 3389 turgescentibus
3470 3316 3700 3381 mediis,
3733 3315 3819 3371 in-

2206 3415 2464 3471 timorum
2507 3413 2698 3470 dolore
2745 3415 3015 3468 viscerum
3055 3411 3439 3483 quatiebantur
3485 3427 3498 3464 :
3549 3418 3646 3465 aut
3692 3408 3818 3464 alvo

2209 3509 2372 3565 soluti
2401 3508 2728 3564 deﬁciebant
2757 3507 3044 3564 exhaustis
3075 3506 3281 3561 viribus
3305 3542 3321 3573 ,
3351 3513 3415 3559 ut
3440 3505 3557 3559 voti
3588 3502 3820 3574 prenite-

2209 3611 2337 3667 ret,
2377 3599 2522 3670 quod
2571 3601 2637 3656 ad
2686 3609 2902 3671 tempus
2931 3599 3125 3655 solatio
3146 3605 3304 3664 erat,
3356 3606 3481 3666 post
3505 3596 3815 3666 supplicio:

2206 3694 2333 3752 dein
2365 3694 2587 3751 lacertis
2616 3694 2884 3750 viridibus
2903 3733 2918 3759 ,
2948 3692 3274 3762 caeterisque
3309 3692 3322 3728 ί
3374 3700 3698 3761 serpentum
3727 3704 3821 3759 ge-

2208 3788 2437 3845 neribus
2466 3789 2637 3844 coctis
2665 3786 2896 3854 exuviis,
2926 3796 3135 3856 pestem
3161 3783 3457 3840 addebant.
3487 3781 3627 3837 Nam
3650 3796 3822 3852 equo-

2207 3899 2329 3939 rum
2358 3882 2621 3938 cadavera
2651 3883 2696 3937 si
2729 3880 2867 3938 forte
2910 3880 3272 3951 reperissent,
3302 3878 3451 3934 inter
3484 3892 3549 3934 se
3597 3877 3820 3932 trahen-

2211 3984 2321 4041 tes,
2372 3976 2561 4046 przelio
2590 3976 2738 4046 gravi
2786 3975 3157 4032 decernebant
3189 3993 3202 4029 :
3236 3991 3338 4031 nec
3386 3973 3457 4030 ab
3505 3973 3666 4029 hoste
3700 3973 3818 4042 qui-

2207 4070 2332 4126 dem
2362 4111 2376 4137 ,
2422 4086 2541 4142 quae
2567 4079 3025 4125 coacervarentur
3064 4068 3227 4126 exitia
3274 4068 3633 4125 feriebantur.
3687 4067 3816 4122 Nam

2211 4172 2337 4217 cum
2386 4175 2447 4216 se
2493 4161 2561 4216 de
2608 4162 2740 4216 urbe
2770 4161 3029 4232 plurimi,
3064 4175 3188 4216 cum
3237 4160 3359 4215 ﬁliis
3400 4168 3466 4214 ac
3494 4158 3815 4214 mulieribus

2209 4254 2553 4327 egredientes
2598 4258 2648 4310 in
2680 4272 2801 4312 eam
2826 4268 3031 4327 partem
3058 4294 3076 4323 ,
3106 4270 3228 4326 quas
3257 4263 3663 4324 prternptorum
3693 4267 3818 4324 pro-

2208 4347 2375 4404 fundo
2403 4349 3170 4420 prmeipitiorumsinuaverat
3200 4347 3588 4411 contulissent,
3621 4345 3815 4401 Roma-

2209 4442 2263 4498 ni
2336 4442 2503 4497 veluti
2563 4443 2774 4513 captiva
2824 4452 2849 4490 8
2895 4442 3159 4497 ducerent
3216 4440 3487 4511 mancipia
3515 4481 3530 4505 ,
3588 4436 3817 4495 minoris

2210 4535 2515 4603 przesertim
2559 4536 2736 4590 aetatis
2767 4535 2916 4591 velut
2963 4534 3285 4590 validiorem
3313 4532 3571 4600 ferirent,
3604 4549 3673 4589 ne
3699 4532 3816 4602 quis

505 4611 625 4680 ίίιίί,
688 4619 939 4681 Paremes
968 4610 1093 4666 ﬁliis
1115 4653 1130 4677 ν
1171 4620 1227 4666 ει
1252 4610 1321 4666 de
1350 4611 1485 4681 ίΡείε
1523 4611 1764 4668 famulus
1793 4612 2107 4684 PTOfel'eba‘
2133 4638 2189 4704 Ι)
2216 4626 2356 4684 forte
2386 4629 2718 4685 bellantibus
2744 4629 3015 4700 obrepere
3056 4627 3303 4683 auderet.
3354 4625 3814 4697 Speculabantur,

506 4715 614 4762 tur.
646 4707 928 4777 Plerisque
976 4706 1209 4761 aliorum
1252 4705 1486 4762 vomitus
1512 4721 1637 4763 esca
1665 4706 1784 4762 fuit.
1820 4708 1931 4764 Nec
1958 4724 2107 4764 mar-

502 4800 682 4857 centia
709 4814 928 4856 sumere
953 4798 1097 4853 ullus
1129 4798 1293 4853 ltoror
1317 4815 1331 4852 :
1354 4807 1445 4852 aut
1477 4799 1801 4854 verecundia
1823 4841 1839 4864 ,
1867 4798 2109 4855 adimere

503 4894 619 4951 suis
650 4895 772 4949 vita:
801 4893 1005 4949 ultimae
1028 4890 1326 4947 stillicidia.
1359 4890 1428 4945 Et
1454 4889 1572 4946 haec
1590 4899 1700 4946 tam
1726 4890 1959 4947 infelicis
1985 4907 2109 4962 spe-

504 4990 617 5045 cies
665 4986 990 5042 calamitatis
1035 4993 1214 5039 mctus
1254 4992 1410 5049 erat,
1458 4999 1526 5039 ne
1574 4983 2102 5053 deprehenderetur.

505 5079 716 5139 Clausis
746 5081 929 5150 itaque
956 5079 1160 5134 foribus
1180 5077 1562 5143 exercebatur,
1595 5093 1662 5134 ne
1687 5079 1810 5148 quis
1838 5093 2104 5149 superve-

507 5178 651 5233 niret
674 5215 689 5241 ,
719 5173 812 5245 qui
855 5172 921 5229 de
949 5187 1044 5227 ore
1070 5171 1251 5225 alieno
1278 5169 1457 5224 cibum
1484 5180 1793 5238 quaereret,
1830 5179 1885 5225 et
1911 5186 2104 5226 canum

504 5286 659 5329 more
691 5269 934 5322 vomitus
970 5266 1178 5321 alienos
1227 5264 1404 5333 lingua
1453 5278 1549 5317 sua
1581 5262 1867 5319 lamberet.
1898 5262 2006 5320 Sed
2037 5280 2108 5322 ne

503 5365 608 5420 hoc
636 5360 853 5434 quidem
876 5362 1097 5431 impune
1119 5376 1130 5411 :
1149 5373 1270 5412 nam
1299 5355 1627 5426 ubicumque
1646 5356 1788 5412 fores
1810 5358 2101 5425 obseratcc,

502 5463 756 5527 suspecta
783 5453 931 5509 fraus
974 5450 1221 5507 alimenti
1248 5447 1574 5505 absconditi.
1605 5447 1972 5508 Prosiliebant
2002 5452 2105 5508 mi-

575 5628 602 5655 εί
642 5614 984 5672 Proditionis.
1013 5614 1181 5669 Baatt.

574 5686 601 5727 δ
640 5686 808 5742 Tenui
836 5696 965 5740 cute.
1019 5686 1093 5740 In.

579 5770 599 5826 (ὲ
644 5758 882 5826 Reliqua.
915 5755 992 5811 In.

573 5825 600 5864 ἀ
642 5828 666 5880 1
676 5824 981 5897 inprovisus.
1011 5824 1088 5882 In.

2213 4730 2270 4775 ut
2313 4720 2358 4776 si
2405 4722 2526 4791 quis
2565 4721 2669 4777 cibi
2720 4720 2999 4790 quaerendi
3045 4720 3359 4791 diligentia,
3406 4718 3535 4774 dum
3591 4719 3817 4773 rimatur

2207 4810 2421 4868 radices
2450 4812 2744 4883 agrestium
2770 4855 2785 4879 ,
2820 4812 2887 4868 ad
2920 4813 3177 4869 ulteriora
3207 4811 3381 4881 spatia
3410 4809 3657 4881 prodiret
3684 4852 3702 4880 ,
3733 4812 3814 4866 in-

2210 4904 2585 4974 terciperetur.
2618 4904 2727 4961 Nec
2755 4916 2932 4961 tamen
2964 4903 3298 4960 circumfuso
3327 4903 3455 4958 licet
3487 4902 3651 4958 hoste
3675 4943 3692 4969 ,
3723 4916 3813 4957 eoo

2211 4995 2401 5051 bibere
2447 5011 2507 5051 se
2550 5007 2841 5067 poterant,
2870 4996 3071 5068 quibus
3097 4995 3270 5052 fames
3295 4993 3581 5050 audaciam
3611 4994 3811 5051 dabat;

2211 5101 2333 5141 cum
2387 5102 2581 5157 parvus
2626 5088 2825 5145 liberos
2857 5089 3029 5144 macie
3058 5087 3342 5152 consumi,
3375 5096 3430 5141 et
3460 5096 3646 5157 aperta
3676 5085 3814 5143 fame

2212 5195 2309 5235 ora
2336 5180 2531 5237 frustra
2562 5184 2817 5251 extendi,
2851 5186 2992 5239 ferre
3010 5197 3117 5238 non
3147 5189 3335 5253 posset
3360 5181 3591 5237 affectus
3620 5196 3813 5252 pareuv

2214 5285 2355 5339 tum,
2388 5292 2526 5347 quos
2555 5280 2736 5333 socios
2760 5276 2869 5333 sibi
2894 5276 3240 5332 adsciverant
3267 5274 3336 5332 ad
3363 5274 3671 5346 perieulum
3700 5315 3717 5340 ,
3749 5286 3810 5328 ne

2211 5382 2309 5437 pro
2325 5384 2384 5423 se
2401 5369 2555 5439 quasi
2586 5370 2724 5440 fugae
2751 5385 2863 5425 sua:
2877 5368 3119 5436 obsides,
3141 5383 3169 5422 a
3189 5368 3479 5423 seditionis
3503 5367 3811 5422 auctoribus

2208 5463 2611 5520 occiderentur.
2655 5462 2889 5536 (lugebat
2923 5461 3308 5534 famessegredi
3332 5503 3347 5530 ,
3377 5461 3576 5534 quibus
3605 5457 3805 5518 benefi-

2282 5630 2305 5694 ἢ
2351 5620 2564 5694 Urente.
2598 5622 2666 5678 Et
2695 5623 3027 5679 mox'inediis
3054 5638 3151 5694 pro
3181 5622 3390 5681 mediis.
3422 5622 3594 5679 Buta.

2286 5690 2305 5729 τ
2350 5692 2651 5767 Serpenu‘m‘
2673 5697 2899 5767 generis.
2927 5695 3005 5752 In.

2282 5771 2307 5811 κ
2346 5762 2694 5823 Αὸάυοενοηιῖ
2726 5766 2805 5824 Ι».
