3948 6342
132 312 292 376 2161
1023 324 1297 383 iiiSTOR.
1340 322 1432 379 DE
1473 314 1753 380 EXCIDIO
1792 314 2065 379 manus.
2107 319 2310 377 URBIS
2347 318 2478 375 LIB.
2527 316 2588 374 v.
3301 308 3445 380 2l58

130 441 289 497 cium
321 448 439 497 erat
467 440 612 496 ferro
635 441 814 511 perire
854 442 1042 513 jejunii
1088 444 1516 514 comparatione.
1544 441 1743 499 Contra
1772 440 1826 506 Α
1850 449 2175 512 pugnatorcs
2206 439 2404 496 fuerint
2430 449 2917 497 sacramentorum.
2942 440 3063 510 Quo
3091 443 3445 509 commotior,

134 534 377 591 Romani
400 576 415 597 .
445 538 568 607 quia
591 545 996 608 contemptores
1042 537 1236 593 mortis
1280 548 1375 593 cos
1404 535 1746 593 arbitrabau-
1848 534 2036 591 Titus.
2070 550 2168 591 eos
2198 533 2390 590 saltem
2441 534 2680 603 eriperet
2726 535 2816 605 qui
2858 533 3014 591 inviti
3044 535 3446 606 attinebantur,

135 637 256 695 tur,
295 638 321 665 ιι
356 630 620 700 urgebant
662 645 862 702 genera
903 630 1335 702 suppliciorum,
1394 631 1747 686 verberantes
1849 627 2126 683 admoveri
2151 627 2314 699 jussit
2335 627 2638 683 machinas.

139 722 323 790 prius,
355 721 655 792 afliigentes
679 738 894 795 quoque
922 722 1163 794 patibulo
1191 723 1399 791 crucis,
1429 738 1746 794 quemcum-
2438 719 2670 778 CAPUT
2711 720 2855 778 XIX.

139 830 255 886 que
277 815 617 873 oﬂ'enderant
646 858 660 883 ,
694 833 802 889 quo
847 818 932 874 vel
971 827 1294 874 caeterorum
1329 819 1605 895 temeritas
1628 834 1750 874 cru-
1923 813 2055 868 Erat
2104 813 2155 868 in
2188 815 2430 870 exercitu
2478 812 2735 870 Antiochi
2773 812 3067 887 Comageui
3137 816 3311 886 lilius,
3360 822 3454 892 qui

141 908 392 964 ciatuutn
420 911 606 981 specie
631 926 659 963 a
693 910 995 967 lacessendi
1044 911 1333 966 insolentia
1376 921 1746 967 revocaretur.
1852 905 2166 961 veneratad
2217 906 2342 962 belli
2396 907 2715 963 societatem
2745 951 2759 976 ,
2818 908 3046 981 impiger
3076 924 3209 967 sane
3237 911 3458 981 juvenis

144 1000 459 1056 Miseranda
513 1002 693 1073 itaque
731 1003 910 1073 passio
956 1001 1078 1057 Tito
1124 1002 1430 1068 videbatur,
1482 1012 1750 1059 tantarum
1852 1004 1911 1053 et
1956 1008 2118 1053 manu
2151 1010 2470 1069 promptus,
2520 1002 2615 1055 sed
2644 1000 2875 1056 consilio
2921 1012 3107 1072 parum
3152 1005 3411 1075 providus
3438 1047 3453 1072 ,

145 1093 425 1149 acerbitas
444 1094 833 1152 calamitatum.
862 1096 1552 1165 Caplebanturiunumeri,
1594 1097 1753 1166 quin-
1855 1092 1947 1161 qui
1990 1090 2425 1149 moderationem
2456 1090 2683 1148 Romani
2736 1096 3009 1150 exercitus
3050 1094 3336 1153 lentiorem
3368 1113 3457 1153 ra-

146 1186 303 1258 genti
350 1184 525 1243 ferme
567 1188 635 1242 ad
663 1188 809 1242 diem
836 1189 1249 1255 cruciabantur,
1302 1202 1631 1259 camposique
1658 1205 1755 1244 au-
1859 1195 1947 1240 tus
1966 1200 2098 1251 ,uec
2129 1184 2486 1241 considerans
2513 1186 2756 1241 muneris
2782 1185 3154 1245 difficultatem
3173 1230 3188 1256 ,
3218 1188 3460 1245 insinua-

150 1288 210 1335 te
256 1282 446 1337 urbem
494 1282 821 1339 miserabilis
847 1298 1059 1355 poum
1106 1283 1300 1339 ordine
1348 1284 1751 1354 prmtexebam,
1857 1278 2193 1344 vitCarsari,
2243 1278 2428 1334 mirari
2456 1288 2549 1343 se,
2604 1278 2752 1349 quod
2793 1288 3182 1335 cunctarentur
3228 1279 3458 1336 Romani

153 1380 219 1427 ut
262 1371 334 1429 de
380 1373 552 1429 muris
612 1376 1009 1444 aspicerentur.
1056 1375 1452 1431 Miserabantur
1488 1374 1755 1441 Romani,
1860 1388 2076 1429 murum
2124 1372 2427 1429 succidere.
2492 1368 2630 1428 ltisit
2665 1372 2852 1441 Titus,
2904 1378 2962 1430 et
2988 1372 3101 1428 ait:
3159 1372 3462 1431 Commune

152 1480 270 1519 non
303 1466 662 1523 movebantur
681 1466 892 1523 Judaei:
920 1468 1390 1539 compatiebantur
1421 1468 1639 1538 hostes,
1669 1483 1760 1525 so-
1861 1478 1946 1522 est
1992 1482 2147 1538 opus.
2179 1467 2258 1522 Eo
2287 1482 2542 1522 sermone
2580 1466 2797 1538 juvenis
2842 1480 2968 1525 sese
3008 1468 3281 1540 proripuit
3336 1485 3459 1526 cum

152 1558 228 1614 cii
273 1574 378 1614 non
424 1560 820 1617 ﬂectebantur:
863 1561 1077 1619 facilius
1106 1565 1248 1632 apud
1274 1564 1619 1620 adversarios
1649 1566 1762 1636 pie—
1863 1556 1982 1628 his,
2010 1572 2145 1630 quos
2187 1567 2425 1616 armatos
2462 1557 2869 1616 Macedonicum
2898 1560 2953 1617 in
2989 1570 3195 1617 olorem
3245 1576 3465 1633 promp-

156 1662 278 1720 tas,
330 1667 491 1724 quam
535 1654 676 1723 apud
702 1656 883 1711 socios
913 1656 1303 1726 reperiebatur.
1330 1657 1535 1713 Tamen
1566 1672 1763 1714 acccn—
1864 1649 2031 1705 tiores
2055 1649 2375 1707 habebatad
2406 1649 2718 1707 bellandum
2751 1669 2766 1705 :
2815 1658 3049 1723 namque
3085 1659 3141 1707 ct
3184 1652 3309 1709 aliis
3337 1652 3466 1710 sub-

154 1744 433 1800 debantur
458 1744 703 1816 plerique
733 1746 1134 1817 indignatione,
1176 1747 1402 1818 quodin
1456 1749 1618 1804 tantis
1649 1764 1762 1804 tna-
1867 1745 2030 1799 nixus
2056 1744 2372 1800 advenerat.
2424 1743 2637 1801 Cohors
2694 1746 2874 1801 tamen
2924 1760 3045 1817 qua:
3094 1746 3468 1817 appellabatur

158 1838 231 1894 lis
261 1840 566 1894 deteriores
594 1840 819 1907 ﬂebant,
841 1841 1074 1897 diversis
1103 1843 1277 1899 modis
1319 1842 1766 1901 afﬂictos‘cerne—

1882 1834 2254 1902 llacedonum,
2307 1845 2362 1891 et
2429 1835 2636 1891 viribus
2705 1836 2987 1906 corporis,
3038 1842 3096 1892 et
3141 1838 3470 1910 proceritate

158 1947 291 1989 res:
324 1932 612 2003 variasque
642 1948 922 2003 poenarum
952 1935 1189 2004 species,
1238 1935 1442 1992 formas
1468 1937 1766 2008 supplicio-

158 2040 286 2080 rum
337 2032 448 2079 tam
497 2026 879 2082 innumerabili
927 2027 1303 2095 multitudine,
1347 2037 1405 2084 ut
1455 2029 1567 2100 jam
1615 2030 1766 2086 locus

162 2117 427 2186 patibulis
474 2116 721 2182 deesset,
779 2117 1013 2186 patibula
1044 2119 1390 2189 corporibus.
1420 2118 1656 2176 Furebat
1686 2120 1769 2175 in-

161 2221 255 2265 tus
285 2209 498 2275 Simon,
530 2208 795 2265 fremebat
819 2210 1075 2274 Joannes,
1112 2212 1504 2268 insidiabantur
1543 2212 1770 2283 singulis

161 2320 269 2376 per
297 2303 576 2359 ministros
606 2318 737 2359 suos
768 2322 781 2358 :
813 2304 856 2358 si
886 2305 1008 2375 quis
1036 2304 1224 2375 fugere
1256 2312 1489 2361 tentaret
1518 2347 1531 2371 ,
1565 2314 1770 2361 tractus

164 2414 269 2470 per
311 2399 533 2453 humum
586 2398 1015 2469 discerpebatur.
1068 2400 1267 2454 Eorum
1310 2414 1526 2470 quoque
1553 2400 1642 2470 qui
1671 2400 1767 2456 ab-

164 2493 350 2547 ierant
383 2488 610 2559 proximi
632 2488 662 2528 ι)
692 2491 1092 2557 crueiabantur,
1128 2499 1221 2545 aut
1262 2492 1410 2546 cruci
1464 2491 1623 2545 affixa
1655 2490 1770 2561 ple-

164 2597 469 2653 rarumque
497 2582 760 2638 cadavera
787 2584 901 2638 suis
930 2584 1021 2654 qui
1050 2583 1222 2653 elapsi
1251 2583 1495 2648 fuerant,
1530 2592 1774 2639 ostenta-

168 2678 395 2731 bantur.
428 2675 470 2731 E
495 2675 715 2732 diverso
742 2676 904 2731 etiam
938 2676 1039 2745 ipsi
1060 2692 1270 2731 murum
1294 2677 1523 2745 quadam
1557 2677 1770 2747 patibu-

165 2769 352 2823 lorum
400 2776 588 2839 segete
636 2774 1070 2836 praetexueraut,
1120 2769 1271 2837 quasi
1327 2768 1395 2823 de
1444 2767 1774 2823 adversariis

68 2930 75 2935 _
164 2859 589 2931 triumphantes,
610 2859 653 2916 si
671 2876 801 2927 quos
820 2860 888 2916 de
908 2864 1019 2916 suis
1040 2860 1107 2914 ad
1133 2861 1403 2916 Romanos
1428 2860 1566 2916 velle
1587 2860 1776 2916 confu-

169 2968 306 3022 gere
323 2951 799 3021 deprehendissent
813 2994 826 3018 ,
843 2960 1138 3008 utcmteros
1158 2952 1582 3025 transgrediendi
1598 2962 1774 3010 metus

170 3043 494 3099 incesseret.
522 3043 711 3100 Nullus
739 3044 890 3099 locus
942 3047 1195 3101 immunis
1240 3046 1591 3112 acerbitatis,
1643 3045 1775 3101 foris

172 3136 504 3206 captivitas,
555 3137 701 3193 intus
741 3137 943 3206 fames,
978 3138 1208 3194 formido
1239 3139 1563 3211 utrobique;
1598 3140 1776 3194 minus

174 3238 360 3284 tamen
393 3230 721 3285 timebantur
747 3244 930 3296 arma,
963 3245 1123 3301 quam
1159 3239 1459 3295 tormenta,
1493 3232 1774 3301 leviusque

174 3334 303 3380 erat
331 3322 525 3379 confici
558 3324 789 3379 tumultu
807 3327 985 3393 potius
1011 3323 1241 3390 hostico,
1267 3338 1425 3392 (piam
1460 3322 1772 3393 parricidio.

179 3415 296 3473 Nec
347 3415 740 3472 intermittebat
795 3424 975 3471 tamen
1005 3414 1188 3471 Caesar
1229 3416 1456 3471 invitare
1486 3414 1775 3472 factionum

179 3508 458 3580 principes
485 3507 553 3563 ad
576 3522 724 3577 Spem
757 3507 1071 3563 deditionis.
1094 3506 1341 3577 Namque
1370 3507 1593 3563 structis
1618 3520 1780 3580 agge-

177 3602 338 3657 ribus
379 3599 762 3669 denuntiabat,
835 3615 940 3656 non
1012 3601 1170 3672 longe
1226 3599 1537 3655 abfuturam
1596 3603 1781 3671 operis

174 3693 474 3749 effectum:
506 3692 797 3749 imminere
824 3693 943 3748 urbi
975 3693 1183 3748 excidia
1210 3708 1224 3758 ;
1256 3692 1608 3749 consulerent
1632 3693 1733 3747 sibi
1761 3733 1777 3760 ,

177 3797 244 3843 ut
293 3796 347 3841 et
399 3785 628 3842 salutem
681 3786 1059 3852 lucrarentur,
1103 3794 1156 3840 et
1205 3786 1465 3855 templum
1517 3785 1782 3841 incendiis

177 3881 510 3951 eriperetur.
561 3879 619 3935 ld
669 3895 776 3951 quo
833 3879 1048 3935 facilius
1104 3879 1422 3944 crederent,
1491 3879 1784 3948 amputatis

181 3973 435 4046 plerique
462 3971 773 4028 Judteorum
798 3970 1049 4027 manibus
1078 3970 1472 4041 dirigebantur,
1497 3984 1565 4025 ne
1592 3970 1786 4024 volun-

180 4067 329 4124 tario
361 4064 656 4137 transfugio
685 4064 945 4121 transisse
961 4063 1025 4119 ad
1053 4063 1329 4117 Romanos
1358 4061 1783 4129 aestimarentur,

181 4168 246 4217 et
293 4159 445 4230 quasi
503 4158 724 4229 perfidis
755 4174 861 4211 non
884 4155 1163 4212 deferrent
1197 4155 1354 4211 iidem
1383 4198 1397 4224 ,
1442 4155 1528 4209 vel
1557 4168 1654 4210 eos
1684 4154 1785 4224 ipsi

182 4261 473 4312 necarent.
503 4250 574 4307 At
602 4267 731 4307 vero
761 4250 838 4305 illi
870 4263 965 4321 pro
992 4248 1358 4303 admonitione
1387 4247 1571 4303 sedula
1602 4246 1785 4318 gravia

184 4347 583 4417 retorquebant
606 4344 893 4401 convicia:
937 4342 1293 4399 funestiorem
1338 4341 1443 4397 sibi
1482 4341 1789 4396 immanita-

186 4451 303 4498 tem
329 4439 581 4505 Cmsaris,
609 4452 769 4509 quam
800 4435 1178 4493 crudelitatem
1211 4434 1415 4502 videri;
1449 4433 1592 4505 quod
1617 4433 1788 4489 altera

183 4533 503 4590 libertatem
530 4531 795 4602 eriperet,
826 4530 998 4584 altera
1030 4530 1195 4583 vitam
1225 4530 1461 4583 auferret
1487 4544 1499 4580 :
1547 4526 1706 4582 malle
1730 4540 1790 4581 se

186 4626 396 4683 liberos
422 4626 561 4680 mori
589 4638 747 4694 quam
777 4636 967 4678 servos
988 4621 1209 4677 vivere:
1239 4619 1524 4676 devovisse
1551 4618 1786 4674 animam

183 4736 348 4781 suam
379 4720 434 4776 in
459 4719 679 4791 templo.
731 4717 1201 4774 immortalitatem
1244 4714 1477 4769 futuram
1504 4755 1518 4781 ,
1575 4714 1620 4768 si
1665 4727 1788 4769 cum

185 4817 402 4887 templo
429 4815 640 4882 exusti,
692 4814 803 4868 aris
854 4826 916 4868 ac
941 4811 1078 4867 focis
1112 4809 1302 4881 patriis
1342 4809 1790 4865 immorerentur.

185 4910 343 4970 Fihil
372 4910 549 4981 egisse
572 4908 772 4975 Titum,
801 4906 1067 4976 eripuisse
1088 4918 1250 4975 parva
1273 4946 1286 4969 ,
1339 4903 1556 4960 dedisse
1599 4904 1747 4974 plura
1775 4920 1789 4957 :

188 5021 296 5078 pro
322 5005 533 5076 templo
561 5003 662 5059 sibi
693 5002 1001 5073 paradisum
1042 4999 1340 5057 succedere
1360 5043 1374 5064 ,
1413 5009 1435 5037 ο
1478 4999 1706 5069 illosque
1735 5012 1795 5054 se

188 5099 292 5171 qui
342 5113 441 5168 pro
489 5095 693 5165 templo
745 5095 846 5150 Dei
896 5091 1285 5164 pugnaverint,
1342 5090 1792 5146 transferendos:

190 5199 409 5248 tantum
430 5228 445 5253 ,
474 5202 543 5243 ne
568 5187 737 5243 oculis
763 5186 876 5241 suis
900 5184 1202 5254 triumphos
1221 5185 1497 5238 Romanos
1526 5181 1794 5251 viderent,

190 5293 251 5341 et
277 5283 491 5354 captiva
510 5281 639 5352 jugo
661 5280 805 5336 colla
832 5278 1183 5348 subiicerent.
1200 5274 1521 5331 Consecrari
1546 5273 1798 5343 parvulos

191 5367 352 5444 suos,
387 5390 494 5431 nou
526 5375 1025 5445 interlici,quorum
1054 5378 1304 5442 parentes
1334 5369 1640 5426 emlestium
1671 5383 1799 5439 pro-

275 5624 301 5650 ιι
345 5608 632 5681 Augebant.
660 5594 779 5660 Mox
803 5619 933 5681 vero
956 5604 1250 5674 afﬁgentes.
1281 5600 1477 5655 Buta”

275 5684 304 5722 ιι
344 5676 784 5735 Τηὶσὶἁαὸαηιην.
812 5676 888 5731 In.

282 5766 304 5794 ο
344 5751 659 5822 Legendum
678 5748 908 5822 videtur,
940 5744 1151 5813 illoque,
1186 5744 1236 5801 id
1266 5748 1367 5807 est,
1396 5744 1448 5797 iu
1476 5739 1803 5813 paradisum,

202 5844 363 5885 se....
398 5817 824 5878 transferendos.
855 5817 1131 5874 Causae.

1868 1925 1983 1997 ipsa
2000 1934 2263 1997 przestare
2275 1928 2664 1984 :estimabatur.
2680 1926 2888 1995 Quibus
2901 1926 3465 2001 appidpinquantibus

1868 2020 2073 2076 bellum
2118 2020 2372 2076 adolevit.
2396 2018 2595 2077 Contra
2643 2020 2713 2076 de
2758 2026 2914 2077 muro
2944 2023 3249 2093 promptius
3279 2022 3472 2078 decer-

1869 2114 2144 2181 nentibus,
2173 2129 2309 2186 quos
2347 2122 2589 2170 extrema
2617 2114 2884 2186 urgebant
2913 2115 3170 2186 pericula,
3190 2124 3244 2171 et
3260 2129 3477 2173 succes-

1870 2221 1964 2263 sus
1997 2209 2281 2278 praesentis
2320 2207 2639 2265 certaminis
2673 2210 2987 2265 animabat:
3030 2223 3152 2265 cum
3186 2208 3474 2267 inferiores

1870 2317 1900 2357 a
1928 2302 2301 2373 superioribus
2323 2303 2658 2374 frequentius
2683 2303 3131 2374 trausﬂgerentur
3153 2346 3167 2369 ,
3211 2304 3279 2361 ad
3307 2320 3472 2375 supe-

1870 2396 2047 2451 riores
2079 2412 2185 2451 non
2212 2397 2396 2451 omnia
2441 2397 2792 2467 pervenirent
2833 2397 3081 2467 spicula;
3114 2395 3255 2453 illius
3286 2405 3471 2454 tamen

1872 2489 2015 2558 regis
2076 2486 2297 2558 juventa
2366 2488 2595 2555 alacris,
2666 2490 2832 2544 armis
2885 2488 3163 2554 munitior,
3215 2489 3476 2546 comitatu

1872 2584 2222 2649 succinctior,
2267 2582 2405 2637 alios
2454 2582 2708 2638 eludebat
2741 2582 2912 2649 ictus,
2962 2582 3267 2654 repellebat
3292 2583 3431 2639 alios
3458 2626 3473 2650 ,

1872 2691 2010 2745 quos
2039 2676 2201 2731 etiam
2231 2688 2287 2731 ut
2317 2684 2534 2730 caveret
2565 2675 2980 2747 suggerentibus
3006 2675 3171 2731 sociis
3194 2716 3210 2743 ,
3240 2675 3479 2732 instrue-

1875 2767 2072 2822 batur:
2123 2778 2179 2823 et
2226 2766 2349 2823 ideo
2394 2766 2606 2837 integer
2652 2783 2682 2823 a
2712 2766 3023 2823 vulneribus
3066 2768 3477 2839 perseveravit:

1874 2858 1973 2914 sed
1997 2858 2065 2915 de
2106 2858 2458 2915 Macedonum
2488 2860 2714 2916 cohorte
2744 2859 2991 2931 plerique
3039 2857 3339 2932 (quoniam
3381 2876 3480 2930 pu-

1875 2949 1994 3006 dori
2026 2950 2322 3020 putabant,
2363 2952 2525 3007 etiam
2570 2959 2779 3006 naturae
2824 2961 2918 3006 aut
2943 2951 3295 3007 munimentis
3323 2951 3483 3008 cede-

1877 3042 1979 3115 re)
2035 3042 2369 3115 pertinacius
2440 3044 2780 3114 prailiautes,
2847 3040 2875 3081 ἀ
2931 3043 3312 3101 vulnerantur.
3372 3043 3480 3100 Ita-

1878 3150 1983 3206 que
2008 3147 2205 3192 conatu
2237 3136 2390 3192 irrito
2431 3150 2646 3193 cessere
2683 3136 3057 3207 superioribus
3087 3154 3099 3192 :
3144 3135 3290 3192 docti
3317 3135 3479 3191 etiam

1878 3228 2011 3283 viris
2037 3228 2424 3284 Macedonibus
2453 3228 2501 3284 si
2521 3229 2724 3285 vellent
2753 3230 3008 3296 vincere,
3055 3238 3106 3287 et
3147 3229 3480 3286 alacritatem

1876 3322 2171 3381 Alexandri
2197 3325 2265 3381 ad
2288 3324 2643 3397 prmliandum
2686 3340 2808 3381 esse
2837 3326 3196 3382 necessariam
3219 3366 3234 3392 ,
3283 3332 3338 3381 et
3364 3326 3484 3382 vin-

1877 3418 2038 3473 cendi
2084 3427 2358 3473 eventum.
2407 3417 2651 3487 Namque
2701 3417 2795 3473 ille
2830 3432 2951 3474 cum
2986 3418 3264 3474 obsideret
3290 3418 3483 3475 urbem

1880 3513 2214 3567 morantibus
2242 3513 2486 3578 czeteris,
2516 3520 2569 3569 et
2589 3511 2731 3567 circa
2759 3513 3033 3568 solemnes
3061 3512 3341 3569 machinas
3388 3513 3483 3569 im-

1880 3614 2128 3658 morante
2154 3605 2391 3661 exercitu
2415 3647 2428 3670 ,
2470 3604 2731 3675 appositis
2787 3603 3018 3676 impiger
3064 3605 3230 3660 scalis
3270 3620 3486 3661 murum

1881 3695 2126 3752 ascendit
2157 3714 2169 3749 :
2195 3696 2497 3767 fugatisque
2520 3696 2880 3766 prmseutibus
2906 3699 2996 3768 qui
3028 3697 3097 3753 de
3125 3712 3280 3752 muro
3323 3712 3485 3768 repu-

1881 3787 2146 3859 gnabant,
2181 3787 2331 3842 solus
2358 3788 2491 3843 sein
2537 3787 2727 3842 urbem
2759 3786 2977 3858 dejecit.
3024 3787 3136 3843 Nec
3183 3794 3302 3844 erat
3350 3799 3488 3845 tem-

1884 3877 2032 3947 poris
2056 3918 2069 3942 ,
2105 3887 2161 3929 ut
2189 3876 2305 3946 ipse
2333 3875 2435 3932 sibi
2464 3877 2580 3932 sine
2607 3877 2808 3933 comite
2837 3885 3022 3948 portas
3052 3879 3325 3950 aperiret,
3361 3894 3487 3936 cum

1886 3979 2145 4042 urgerent
2173 3970 2415 4042 pericula
2440 3987 2453 4025 :
2498 3969 2592 4027 sed
2642 3970 2965 4028 immodicus
2990 3972 3203 4028 animus
3231 3986 3296 4029 ac
3320 3974 3488 4028 victo-

1888 4065 1982 4118 ria:
2003 4062 2226 4128 avidos,
2276 4062 2329 4117 in
2378 4061 2590 4119 hostem
2641 4062 2908 4134 prosiluit.
2953 4061 3181 4119 Cessere
3227 4064 3487 4135 agmina,

1887 4156 1983 4212 sed
2014 4164 2244 4228 quantos
2273 4163 2486 4227 poterat
2527 4156 2678 4212 solus
2724 4158 3108 4227 prosternere!
3137 4157 3346 4214 Deinde
3391 4174 3487 4229 per

1889 4248 2135 4306 diversas
2163 4250 2316 4307 urbis
2348 4251 2553 4322 plateas
2583 4248 3156 4307 circutnfundebautur
3180 4251 3400 4308 hostes:
3448 4254 3496 4308 si

1891 4343 1944 4397 in
1976 4358 2138 4398 unam
2171 4352 2375 4412 partem
2426 4342 2737 4399 Alexander
2775 4344 3149 4411 incumberet,
3196 4344 3317 4400 aliis
3368 4353 3495 4416 post

1891 4451 1949 4493 se
1996 4434 2437 4493 circnmvaliandi
2486 4436 2699 4506 ecpiam
2745 4434 2921 4493 daret.
2983 4436 3354 4508 Retorqucbat
3391 4436 3495 4492 ita-

1892 4546 1997 4603 que
2046 4530 2220 4586 victor
2246 4540 2270 4567 θ
2311 4531 2612 4601 ingressum
2643 4546 2799 4586 suum
2827 4572 2839 4594 ,
2876 4546 2944 4587 ne
2970 4547 2999 4586 a
3031 4530 3229 4601 populo
3257 4530 3493 4587 circum-

1894 4624 2132 4679 daretur.
2156 4623 2228 4679 At
2268 4622 2343 4677 illi
2386 4622 2617 4679 conferti
2661 4624 2803 4679 inter
2840 4638 2899 4679 se
2947 4638 3139 4695 urgere
3166 4631 3453 4694 creperum
3478 4665 3494 4691 ,

1896 4716 2276 4773 inhorrescere
2303 4732 2466 4788 super
2496 4732 2621 4773 eum
2651 4718 2883 4773 telarum
2910 4718 2992 4772 vis
3021 4716 3254 4772 maxima
3273 4758 3289 4785 ,
3322 4716 3497 4772 resul-

1896 4810 2043 4865 tabat
2071 4810 2225 4882 galea
2250 4810 2477 4879 tinnitu,
2502 4810 2724 4883 clypeos
2752 4808 2966 4882 fragore
2993 4824 3272 4865 sztxorum.
3317 4807 3397 4865 Ac
3442 4811 3500 4866 ni

1897 4914 2204 4962 metuentes
2231 4904 2353 4961 duci
2406 4904 2734 4975 irrupissem
2784 4903 3132 4972 Macedones,
3151 4902 3502 4959 Victorianu-

1899 4996 2239 5053 merabilium
2278 4997 2517 5068 gentium
2585 4995 2727 5050 intra
2790 4995 2979 5052 urbem
3023 4996 3274 5065 exiguam
3321 4994 3503 5051 fuerat

1900 5105 2215 5163 oppressus.
2250 5090 2369 5146 Fuit
2408 5091 2570 5162 igitur
2616 5090 2939 5156 alacritatis,
2984 5089 3126 5161 quod
3166 5104 3381 5145 murum
3420 5089 3505 5144 in-

1899 5186 2096 5253 silivit,
2147 5184 2356 5240 hostem
2386 5184 2619 5256 dejecit,
2665 5184 2720 5239 in
2768 5183 2957 5240 urbem
2999 5181 3150 5239 solus
3190 5182 3505 5253 triumphali

1899 5277 2039 5333 saltu
2070 5293 2190 5334 sese
2230 5276 2529 5349 proripuit,
2575 5278 2779 5347 impetu
2833 5292 2932 5332 suo
2982 5275 3187 5348 fugavit
3230 5275 3502 5346 populos:

1902 5367 2217 5427 fuit-tamen
2244 5371 2408 5426 etiam
2438 5378 2664 5426 eventus
2694 5371 2785 5441 qui
2847 5369 3084 5424 maxime
3124 5368 3248 5424 duci
3270 5409 3284 5434 ,
3317 5380 3508 5423 neces-

1983 5595 2009 5635 ἀ
2059 5598 2492 5656 Vulnerabantur.
2527 5602 2649 5658 Mox
2679 5602 2775 5657 viri
2808 5600 3155 5657 Macedonici.
3207 5599 3359 5655 Barr.

1987 5681 2009 5706 ε’
2052 5670 2315 5725 Graecum.
2350 5671 2404 5726 Id
2416 5712 2428 5725 .
