3948 6324
543 260 689 318 2159

1913 268 2160 326 SANC'I‘I
2200 270 2521 331 AMBROSII

3718 285 3850 343 2160

544 375 719 429 sarius
768 382 852 428 est
875 412 891 439 ,
942 373 1085 445 quod
1136 375 1296 431 tantis
1334 377 1714 448 ingruentibus
1759 381 1976 452 populis
1998 422 2012 448 ,
2066 391 2145 440 tot
2168 391 2223 455 Α
2251 388 2612 458 properabant
2642 390 2875 447 flammis
2902 394 3210 452 subducere
3240 414 3252 449 :
3287 397 3376 452 isti
3420 398 3609 457 adhuc
3645 414 3849 474 sparge-

542 468 861 537 sagittarum
888 466 1115 538 jaculis,
1151 475 1231 524 tot
1252 471 1537 527 ruentibus
1564 472 1785 542 spiculis
1808 516 1821 539 ,
1850 474 2030 529 nullus
2045 475 2146 531 fuit

541 557 728 614 lethali
772 560 983 615 vulneri
1033 559 1206 615 locus.
1251 561 1557 619 Periculum
1603 565 1784 638 itaque
1812 567 1983 623 virtus
2006 576 2148 623 attn—

545 650 711 717 lerat,
743 659 973 707 mortem
1027 666 1242 724 quoque
1272 654 1528 711 alacritas
1559 656 1866 726 invexerat,
1901 660 1946 714 si
1982 676 2148 715 even-

547 750 634 797 tus
664 744 953 800 bellantem
1001 745 1357 804 desernisset.
1386 748 1619 820 Ingressi
1669 762 1794 808 sunt
1821 753 2145 811 Macedones

543 845 801 906 prorupta
855 847 1044 907 porta;
1108 840 1189 895 sic
1234 842 1513 898 temeritas
1565 844 1849 900 victoriam
1904 846 2142 914 invenit,

542 938 597 983 et
626 939 853 985 eventus
882 930 1181 999 periculum
1216 931 1269 987 in
1301 933 1532 1005 gloriam
1577 939 1759 992 vertit.
1790 935 1988 995 Noster
2011 952 2146 1007 quo-

543 1040 651 1095 que
680 1024 850 1081 David
890 1040 1014 1081 cum
1063 1036 1327 1098 pugnaret
1354 1027 1643 1085 adversum
1689 1030 1940 1101 gigantes
1962 1072 1977 1096 ,
2004 1040 2029 1068 ⁸
2061 1031 2146 1086 in—

541 1128 730 1175 vectus
770 1118 824 1174 in
860 1118 1071 1175 hostem
1112 1134 1144 1173 a
1169 1127 1319 1191 tergo
1350 1136 1725 1193 percussorem
1758 1121 2019 1189 habebat;
2048 1122 2144 1179 sed

539 1211 830 1267 librantem
856 1211 993 1267 ictus
1016 1226 1142 1267 suos
1162 1227 1349 1269 comes
1367 1214 1508 1285 regis
1534 1213 1717 1270 Abisai
1749 1214 2146 1286 prmvenit.Vc-

542 1320 661 1360 rum
684 1304 1055 1362 Alexandrum
1083 1316 1311 1362 eventus
1329 1308 1588 1374 servavit,
1614 1307 1930 1380 prophetam
1944 1309 2138 1380 gratia.

1133 1398 1363 1456 CAPUT
1403 1400 1523 1457 XX.

610 1491 851 1548 Cetlente
880 1492 1062 1563 itaque
1101 1492 1359 1549 Antiochi
1391 1494 1535 1565 regis
1574 1492 1867 1566 Comageni
1913 1495 2048 1562 filio,
2087 1506 2142 1553 et

538 1595 907 1658 cognoscente
929 1602 1035 1642 non
1057 1586 1201 1658 quod
1221 1586 1551 1653 formidinis,
1575 1587 1674 1643 sed
1697 1588 1968 1645 cautionis
1994 1597 2143 1645 esset

541 1678 769 1734 Romani
800 1678 1076 1735 exercitus
1106 1694 1376 1750 perpensa
1408 1679 1732 1748 moderatio,
1766 1690 1824 1736 ut
1852 1681 2141 1752 aggeribus

2250 478 2385 534 bant
2412 479 2682 537 incendia.
2708 481 2864 539 Unde
2891 486 3305 557 comprehensis
3332 491 3598 547 omnibus
3619 508 3743 563 qua:
3777 497 3846 549 uri

2247 580 2518 642 poterant,
2547 572 2823 632 Romanos
2864 575 3097 633 ﬂamma:
3122 580 3709 647 circumvallaverant,
3756 585 3846 642 nisi

2249 670 2458 720 mature
2485 665 2908 724 consuluissent.
2947 669 3226 727 instabant
3250 675 3396 730 enim
3428 673 3637 730 acriter
3660 675 3846 745 Judaei,

2247 768 2409 827 atque
2446 758 2549 815 hoc
2576 760 2694 830 ipso
2725 762 2867 833 quod
2892 764 2943 818 in
2983 779 3049 819 ea
3069 776 3220 836 parte
3247 775 3478 824 conatus
3519 770 3713 825 irritos
3740 788 3839 828 non

2248 849 2568 921 habuerant,
2593 868 2882 912 successus
2901 857 3183 914 audaciam
3224 860 3429 917 alebat.
3464 862 3719 934 Denique
3746 881 3845 920 non

2246 944 2618 1015 contentijam
2662 947 3015 1005 munimentis
3054 951 3375 1017 muralibus,
3429 953 3575 1010 ultra
3629 972 3849 1028 progre.

2246 1032 2558 1103 diehantur,
2589 1046 2753 1108 atque
2781 1039 2930 1110 ipsas
2958 1040 3329 1100 Romanorum
3360 1044 3718 1104 incessebant
3743 1065 3847 1105 cus

2247 1125 2441 1190 todias,
2475 1135 2532 1183 et
2553 1127 2619 1183 ad
2644 1130 2932 1187 castellum
2962 1132 3016 1187 in
3043 1148 3152 1204 quo
3180 1135 3593 1205 praetendebant
3622 1137 3847 1195 Romani

2246 1221 2391 1278 ultro
2412 1238 2692 1292 eversum,
2722 1237 3099 1296 perrexerant.
3133 1230 3202 1285 Et
3222 1230 3324 1286 nisi
3352 1231 3588 1289 Romani
3619 1235 3846 1291 nominis

2242 1315 2412 1386 gloria
2440 1327 2494 1374 et
2523 1318 2728 1378 militia:
2754 1330 2907 1377 vetus
2934 1323 3239 1394 disciplina,
3269 1341 3392 1397 quae
3429 1329 3620 1383 munia
3663 1328 3846 1400 hujus-

2248 1409 2395 1466 modi
2433 1411 2688 1469 deserere
2732 1414 2999 1484 gravioris
3046 1431 3218 1487 poena:
3261 1430 3478 1474 arceret
3520 1418 3840 1488 formidine,

2248 1501 2557 1561 furentibus
2578 1508 3015 1578 repugnavisset,
3045 1519 3444 1582 expugnatores
3492 1513 3714 1569 urbium
3749 1513 3843 1585 ipsi

2245 1594 2481 1665 propriis
2504 1609 2788 1654 cesserant
2807 1600 3217 1658 munitionibus.
3244 1602 3411 1659 Versa
3431 1605 3619 1677 itaque
3640 1609 3842 1677 species

2244 1686 2393 1752 belli,
2435 1700 2490 1744 et
2531 1704 2658 1746 usus
2711 1691 3014 1748 obsidionis
3055 1711 3069 1748 :
3108 1695 3420 1765 catapultis,
3459 1706 3515 1752 et
3553 1699 3843 1756 velocioris

539 1783 596 1829 et
621 1774 816 1841 vineis,
842 1775 1104 1830 arietibus
1129 1790 1344 1846 quoque
1365 1784 1417 1831 et
1444 1776 1658 1831 casteris
1690 1776 2141 1835 machinamentis
2172 1775 2218 1836 Β
2246 1779 2465 1850 generis
2491 1779 2693 1851 jaculis
2722 1796 2842 1838 sese
2868 1782 3224 1840 defensabant
3247 1784 3504 1856 Romani,
3544 1797 3607 1844 ut
3633 1788 3841 1847 Judzeos

542 1865 757 1922 murdin
788 1866 1156 1935 adorirentur,
1190 1869 1614 1925 exstruebantur
1632 1885 1859 1941 aggeres
1898 1887 1993 1942 per
2040 1887 2143 1926 nu-

541 1974 725 2015 mera
771 1975 938 2030 opere
988 1960 1209 2017 diviso:
1241 1961 1501 2033 praecipui
1545 1974 1784 2033 quatuor
1832 1964 2144 2020 insurrexe-

542 2061 694 2119 rant,
725 2067 795 2107 ex
820 2053 1018 2123 quibus
1052 2070 1188 2109 unus
1230 2069 1261 2109 e
1289 2054 1514 2125 regione
1545 2055 1868 2111 munitionis
1893 2055 2013 2129 (cui
2048 2070 2143 2112 no-

543 2165 668 2207 men
721 2147 989 2219 Antonia)
1034 2163 1131 2220 per
1180 2148 1415 2204 mediam
1462 2148 1657 2204 ductus
1689 2158 1804 2204 erat
1851 2148 2140 2218 piscinam,

538 2258 701 2315 quam
733 2242 1035 2299 Struthiam
1076 2241 1370 2295 vocabant.
1406 2239 1562 2296 Hunc
1607 2255 1860 2311 aggerem
1916 2240 2142 2311 quintus

539 2351 804 2392 numerus
830 2334 1051 2406 triginta
1092 2332 1401 2389 cubitorum
1447 2332 1501 2387 in
1534 2331 1875 2387 altitudinem
1912 2331 2142 2399 fecerat,

536 2428 690 2497 juxta
719 2427 950 2483 Joannis
972 2425 1304 2496 sepulcrum.
1334 2424 1544 2493 Quibus
1572 2439 1603 2479 e
1631 2423 1853 2481 diverso
1904 2423 2143 2480 Joannes

537 2524 797 2595 princeps
848 2522 1184 2578 seditionum
1211 2519 1522 2576 cuniculum
1556 2518 1799 2586 sntfudit;
1855 2527 1912 2574 et
1942 2519 2142 2574 Roma-

539 2633 733 2673 norum
762 2630 929 2686 opera
975 2613 1267 2685 suspendit
1296 2631 1309 2667 :
1337 2612 1717 2682 ignorantibus
1749 2612 1857 2679 his,
1887 2609 1914 2649 ι’
1935 2612 2025 2682 qui
2065 2611 2141 2665 ta-

540 2710 677 2767 tenti
706 2708 961 2764 cuniculo
989 2706 1161 2763 Judmi
1193 2706 1486 2761 machinati
1518 2705 1721 2772 forent,
1769 2704 1892 2774 quia
1924 2702 2142 2758 fulturis

538 2802 846 2858 tabularum
879 2800 1109 2856 materia
1140 2814 1294 2872 aeque
1335 2797 1603 2869 subjecta,
1651 2798 1933 2868 superiora
1985 2795 2141 2852 cuni-

535 2895 787 2951 culorum
816 2892 1239 2963 suspenderant,
1275 2892 1422 2946 fraus
1457 2892 1636 2947 omnis
1678 2891 1900 2947 latebat.
1955 2889 2141 2960 Itaque

539 2989 631 3044 ubi
652 2986 1031 3058 opportunitas
1054 2986 1191 3051 visa,
1221 2984 1400 3054 ignem
1441 2999 1770 3056 apposuere,
1801 2983 1892 3055 qui
1921 2982 2140 3037 adultus

535 3080 799 3151 sulphure
828 3090 883 3135 et
905 3079 1048 3149 pice,
1074 3077 1271 3147 quibus
1296 3076 1433 3131 illita
1452 3083 1572 3132 erat
1616 3076 1873 3131 materies
1893 3090 2012 3146 quae
2036 3073 2139 3128 ful-

2250 1874 2606 1944 repellerent,
2636 1891 2745 1947 quo
2768 1877 2899 1947 ipsis
2919 1889 3046 1935 ante
3073 1894 3274 1950 genere
3295 1883 3681 1941 resistebatur.
3713 1888 3841 1944 inter

2246 1982 2368 2039 qua:
2406 1967 2560 2024 ’l'itus
2597 1969 2837 2039 advenit,
2881 1972 3121 2030 clamore
3166 1977 3402 2045 excitus,
3449 1986 3507 2033 et
3544 1982 3840 2039 accersitus

2245 2061 2312 2118 ad
2349 2063 2684 2131 remedium;
2714 2066 2974 2123 Romanis
2994 2070 3253 2125 continuo
3283 2071 3429 2127 vires
3468 2072 3674 2129 addita:
3714 2092 3842 2147 pra:-

2244 2163 2400 2210 sente
2426 2155 2662 2223 Caesare,
2692 2166 2747 2213 et
2787 2158 2960 2228 pudor
3000 2159 3135 2215 aluit
3181 2162 3466 2217 audaciam
3498 2180 3513 2217 :
3562 2164 3837 2222 Clamante

2245 2246 2367 2303 Tito
2412 2264 2575 2319 grave
2627 2249 2854 2306 Romani
2896 2253 3133 2309 nominis
3170 2254 3556 2325 opprobrium,
3598 2259 3648 2313 si
3694 2275 3836 2315 versa

2245 2339 2365 2395 vice
2391 2354 2520 2395 suos
2550 2341 2888 2411 amitterent,
2919 2344 3115 2414 quibus
3148 2345 3259 2415 jam
3289 2347 3525 2404 hostium
3575 2351 3717 2406 muri
3757 2352 3835 2422 qui

2244 2430 2610 2500 diruerentur,
2654 2433 2972 2491 defecerant
3014 2454 3029 2493 :
3071 2435 3388 2494 diffidentes
3418 2439 3640 2497 Judazos
3671 2444 3837 2498 muni-

2244 2521 2504 2592 tionihns,
2545 2524 2661 2579 sola
2703 2525 2799 2581 niti
2832 2526 3139 2582 temeritate
3170 2545 3183 2582 :
3211 2537 3423 2585 starent
3469 2533 3834 2589 tantummodo

2242 2613 2497 2682 Romani,
2528 2617 2810 2672 victoriam
2843 2634 2949 2673 non
2981 2617 3313 2676 defuturam.
3350 2620 3539 2693 Itaque
3573 2622 3833 2680 hortando

2242 2704 2447 2775 pariter
2479 2720 2543 2761 ac
2586 2708 2884 2777 praeliando
2911 2709 3067 2764 'l‘itns
3095 2712 3287 2767 statuit
3314 2726 3470 2779 suos,
3498 2717 3705 2771 avertit
3750 2715 3834 2772 Ju-

2241 2795 2410 2865 dmos,
2453 2800 2544 2869 qui
2574 2814 2681 2854 non
2706 2800 2879 2855 solum
2909 2801 3108 2858 animis
3149 2802 3217 2857 ad
3247 2813 3479 2860 mortem
3525 2807 3723 2875 parati,
3746 2806 3833 2862 sed

2242 2892 2360 2962 ipso
2405 2894 2524 2948 nisu
2562 2896 2812 2966 corporis
2862 2895 3206 2968 ingruebant,
3252 2906 3313 2952 ut
3356 2898 3635 2956 Romanos
3677 2901 3832 2971 gradu

2240 2993 2542 3039 moverent.
2566 2983 2679 3041 Nec
2701 2985 2977 3043 mediocre
2999 2987 3100 3043 fuit
3123 2988 3421 3059 periculum
3441 2991 3681 3049 Ctesaris
3706 2993 3834 3049 inter

2239 3073 2463 3129 confusa
2511 3075 2716 3141 omnia,
2760 3091 2884 3132 cum
2912 3077 2980 3134 ab
3014 3077 3173 3134 hoste
3216 3080 3403 3136 socius
3430 3098 3539 3137 non
3564 3083 3834 3140 discerne-

537 3186 709 3229 turam
742 3171 1003 3228 cuniculo
1032 3170 1220 3236 dabat,
1250 3168 1396 3240 ligna
1445 3170 1629 3229 omnia
1677 3168 1834 3224 facile
1879 3181 2139 3222 consum-
2164 3165 2213 3230 C
2243 3178 2393 3223 retur
2422 3186 2435 3222 :
2468 3170 2611 3225 inter
2651 3186 2771 3241 qua:
2800 3171 2958 3227 Titus
2984 3173 3038 3228 in
3068 3173 3248 3231 medio
3269 3177 3592 3233 versabatur
3617 3195 3631 3231 :
3666 3178 3832 3234 audax

532 3267 641 3336 psit
660 3264 996 3329 incendium,
1022 3262 1394 3333 subiectorum
1418 3262 1577 3315 ruina
1601 3270 1786 3317 secuta
1815 3268 1918 3316 est.
1949 3259 2136 3329 Itaque

534 3361 902 3414 Romanorum
934 3372 1101 3427 opera
1142 3355 1324 3412 subito
1361 3356 1536 3425 lapsa,
1578 3354 1816 3410 sonitum
1856 3353 2135 3424 ingentem

534 3450 756 3506 dedere.
785 3450 1015 3505 Pulvere
1037 3449 1219 3518 itaque
1243 3458 1299 3503 et
1324 3445 1479 3501 fumo
1499 3446 1707 3517 repleta
1732 3447 1938 3512 omnia,
1965 3445 2137 3516 pluri-

534 3558 684 3599 mum
705 3542 1052 3597 tenebrarum
1079 3538 1442 3605 obduxerant,
1468 3538 1842 3609 majoremque
1865 3546 2132 3594 terrorem

532 3635 824 3692 induxerat
897 3633 1073 3688 latens
1141 3646 1324 3688 causa.
1382 3628 1587 3686 Deinde
1648 3630 1737 3685 ubi
1796 3630 2134 3699 consumptis

532 3729 809 3786 alimentis
839 3726 1054 3784 caeteris
1090 3725 1287 3797 quibus
1334 3725 1509 3793 primo
1553 3732 1780 3793 opertus
1819 3733 1961 3788 erat,
1995 3721 2135 3778 liber

535 3833 722 3896 postea
750 3822 888 3894 ignis
910 3821 1110 3893 erupit,
1162 3819 1351 3875 dolum
1394 3816 1656 3888 prodidit,
1689 3824 1745 3873 et
1772 3816 2035 3873 Romanis
2063 3815 2132 3872 ad

535 3931 776 3987 praesens
801 3915 1019 3987 quidem
1048 3912 1282 3968 formido
1307 3910 1534 3981 periculi
1560 3910 1848 3977 diminuta,
1878 3909 1971 3965 sed
2007 3924 2133 3965 eva-

532 4010 677 4065 cuati
719 4008 926 4064 laboris
964 4021 1129 4078 grave
1177 4004 1445 4061 successit
1491 4002 1741 4067 taedium;
1774 4002 1937 4059 simul
1985 4001 2134 4073 quod

532 4102 870 4159 insultabant
917 4098 1113 4165 Judaei,
1145 4112 1252 4152 non
1304 4095 1600 4151 mediocris
1631 4095 1866 4165 angebat
1907 4092 2082 4165 pudor
2114 4110 2128 4148 :

533 4204 589 4251 et
623 4194 675 4248 in
702 4192 970 4260 reliquum
1002 4188 1253 4260 parandae
1283 4185 1697 4256 expugnationis
1727 4199 1854 4255 spes
1897 4185 2129 4241 refrixit.

2236 3258 2485 3329 juventa,
2515 3269 2571 3317 et
2596 3262 2784 3333 gloria:
2803 3264 3104 3336 cupiditate
3132 3267 3199 3322 ad
3250 3269 3611 3339 praeliandum
3639 3274 3829 3340 acrior,

2239 3364 2347 3419 quo
2389 3351 2626 3408 celerius
2671 3354 2898 3411 victoria
2943 3370 3449 3430 consummaretur,
3491 3364 3547 3420 in
3588 3366 3830 3423 secundis

2238 3442 2493 3516 triumphi
2527 3459 2736 3516 ponens
2761 3462 2948 3504 curam
2977 3451 3191 3508 salutis.

2823 3541 3057 3600 CAPUT
3097 3545 3241 3602 XXI.

2313 3626 2561 3699 Depulsis
2614 3639 2795 3689 tamen
2844 3632 3092 3692 hostibus
3132 3653 3336 3710 anceps
3380 3643 3712 3701 consilium:
3747 3645 3828 3701 alii

2237 3720 2619 3780 reformandos
2636 3741 2886 3798 aggeres,
2916 3732 3221 3800 reparanda
3245 3735 3692 3795 machinamenta
3717 3756 3824 3795 mu-

2236 3817 2368 3872 ralia
2394 3818 2759 3889 opinabantnr
2788 3841 2801 3877 :
2830 3824 2920 3879 alii
2948 3825 3318 3884 absistendum
3351 3830 3658 3890 obsidionis
3692 3835 3824 3907 peri-

2235 3912 2376 3968 culis
2394 3916 2760 3985 suggerebant
2783 3936 2797 3973 :
2820 3918 3014 3976 deesse
3032 3923 3319 3993 reparandi
3344 3927 3633 3984 materiam
3655 3945 3824 3986 :com-

2236 4020 2403 4063 mune
2443 4023 2566 4064 cum
2601 4021 2623 4049 ο
2652 4011 2837 4068 multis
2886 4014 3187 4085 periculum
3229 4034 3429 4076 :muro
3481 4022 3821 4081 claudendam

2234 4099 2426 4157 urbem
2450 4103 2756 4161 consultius
2782 4107 3210 4176 arbitrabantur.
3236 4122 3297 4168 ut
3324 4114 3622 4173 conficeret
3647 4117 3819 4183 fames,

2232 4193 2468 4252 defectis
2511 4198 2771 4255 subsidiis
2813 4202 3216 4262 alimentorum.
3268 4207 3823 4281 Praeponderavithu-

533 4291 604 4344 Αι
634 4288 688 4342 in
722 4295 878 4357 parte
904 4284 1011 4339 alia
1053 4282 1216 4338 biduo
1261 4287 1404 4351 post,
1427 4293 1550 4333 cum
1576 4277 1690 4349 jam
1743 4292 1931 4370 mutus
1959 4279 2131 4370 ariete
2228 4285 2469 4356 jnsmodi
2517 4293 2812 4361 sententia,
2845 4303 2902 4350 ut
2933 4296 3344 4370 clauderentur,
3372 4277 3444 4360 ne
3489 4304 3691 4363 liberos
3735 4321 3822 4363 ex-

531 4388 871 4451 quateretur,
902 4374 1183 4446 Tcptheus
1205 4372 1273 4430 de
1300 4370 1548 4435 Galilma,
1576 4369 1935 4441 Magassalus,
1959 4376 2016 4424 et
2040 4368 2131 4426 Ja-

528 4474 728 4538 benus,
757 4480 813 4529 et
853 4473 1064 4543 Agyras
1090 4468 1317 4537 direptis
1343 4465 1553 4521 facibus
1591 4466 1646 4520 in
1690 4464 2128 4521 machinamenta

2233 4391 2427 4436 cursus
2477 4380 2763 4452 haberent,
2814 4401 2925 4456 quo
2972 4389 3207 4460 amplius
3235 4401 3292 4449 et
3319 4393 3705 4466 desperatione
3748 4396 3820 4454 fu-

2231 4471 2436 4542 giendi,
2486 4484 2540 4530 et
2590 4475 2888 4549 indigentia
2959 4481 3065 4537 cibi
3132 4486 3559 4545 conicerentur.
3632 4489 3818 4546 Divisis

528 4564 759 4622 muralia
784 4565 1175 4635 prosiluerunt.
1208 4558 1354 4616 Nihil
1396 4557 1482 4613 his
1509 4557 1641 4613 viris
1683 4555 1963 4625 audacius,
1998 4555 2129 4611 nihil
2156 4561 2212 4623 D
2238 4562 2419 4636 itaque
2444 4563 2472 4603 τι
2514 4582 2613 4638 per
2639 4584 2924 4627 numerum
2973 4574 3333 4644 portionibus,
3384 4594 3619 4651 propere
3648 4596 3819 4637 murus

529 4660 828 4719 terribilius
851 4673 919 4715 eo
958 4657 1103 4714 bello
1143 4671 1209 4711 ex
1234 4655 1369 4711 urbe
1400 4654 1455 4709 in
1495 4652 1708 4709 hostem
1740 4651 2023 4722 processit.
2068 4650 2129 4707 ln

535 4754 771 4811 medium
803 4766 1033 4823 namque
1073 4749 1308 4804 hostium
1354 4753 1683 4819 proruentes
1733 4760 1841 4800 non
1890 4744 2135 4815 trepida-

532 4855 747 4913 verunt,
773 4859 880 4901 non
909 4850 1358 4908 retractaverunt,
1386 4838 1483 4896 sed
1506 4851 1759 4910 tanquam
1781 4838 2126 4894 familiarium

531 4956 753 4997 suorum
794 4936 1086 4994 consortiis
1128 4934 1420 4999 imutorati,
1467 4946 1575 4987 non
1605 4940 1730 4987 ante
1771 4929 2128 4985 remeandum

531 5041 787 5105 putarunt
808 5073 824 5099 ,
854 5045 977 5086 cum
1020 5028 1256 5097 undique
1296 5026 1350 5080 in
1381 5039 1476 5081 eos
1496 5024 1634 5095 pila,
1660 5026 1892 5095 sagittae,
1918 5024 2125 5095 spicula

527 5126 859 5194 iacerentur,
908 5138 1067 5194 quant
1099 5119 1363 5190 subjectis
1392 5117 1606 5189 ignibus
1646 5117 1934 5172 adolerent
1980 5117 2126 5173 obsi-

528 5217 750 5271 dialium
779 5217 1133 5271 instrumenta
1163 5211 1560 5268 machinarum.
1589 5210 1907 5266 Concursus
1930 5211 2124 5282 ingens

529 5306 758 5362 Romani
781 5307 1076 5371 exercitus,
1105 5291 1162 5359 ut
1190 5302 1500 5358 incendium
1530 5301 1997 5371 restingueretur:
2028 5300 2125 5358 Ju-

527 5399 769 5454 daeorum
792 5413 1004 5469 quoque
1032 5398 1241 5453 clamor
1266 5403 1322 5450 et
1346 5393 1587 5450 studium
1632 5409 1740 5464 quo
1767 5396 2124 5451 subtexerent

525 5492 936 5567 impedimenta,
977 5489 1239 5548 Romanis
1261 5504 1331 5547 ne
1356 5486 1757 5547 subveniretur.
1792 5486 1878 5546 llli
1920 5489 2121 5547 arietes

599 5687 624 5717 ⁸
665 5675 922 5732 Intentus.
953 5675 1131 5737 Rata.

596 5745 625 5786 δ
667 5747 828 5814 Quid.
855 5747 935 5807 In.

2234 4660 2497 4725 surrexit,
2530 4676 2639 4732 quo
2689 4679 2784 4734 per
2812 4664 3096 4722 circuitum
3124 4682 3343 4727 omnem
3385 4671 3595 4731 inclusa
3628 4684 3713 4733 est
3751 4675 3819 4733 cio

2232 4754 2397 4809 vitas.
2430 4753 2724 4812 Distribuit
2747 4756 2923 4813 officia
2955 4760 3069 4815 suis
3094 4759 3299 4831 Ctesar,
3332 4771 3393 4819 nt
3422 4766 3672 4824 noctibus
3698 4782 3819 4839 quo-

2231 4864 2338 4919 que
2368 4849 2711 4906 custodiendi
2756 4851 2905 4908 vices
2937 4868 3044 4909 non
3074 4856 3415 4915 omitterent.
3452 4860 3631 4918 Prima
3651 4862 3814 4935 vigilia

2231 4941 2349 5010 ipse
2389 4941 2626 5000 obeundi
2677 4943 2922 5016 singulos
2960 4947 3332 5005 custodiarum
3382 4952 3607 5012 ordines
3650 4954 3817 5011 munia

2231 5033 2496 5090 curabat:
2543 5036 2840 5092 secundam
2871 5038 3108 5110 vigiliam
3166 5042 3485 5103 Alexandro
3512 5045 3813 5120 deputavit:

2234 5126 2469 5198 denique
2503 5144 2601 5199 per
2632 5130 2881 5188 ordinem
2924 5132 3160 5190 tribunis
3192 5135 3396 5206 (prout
3424 5139 3685 5213 cujusque
3710 5146 3817 5196 erat

2231 5221 2457 5277 solertia
2501 5222 2820 5297 comperta)
2867 5226 3016 5283 vices
3069 5228 3356 5287 mandatae.
3407 5229 3659 5291 Castellis
3709 5241 3814 5290 erat

2232 5330 2420 5372 murus
2449 5332 2545 5386 per
2567 5318 2858 5374 intervalla
2887 5320 3150 5390 intextus,
3181 5323 3238 5380 in
3267 5322 3355 5381 his
3382 5341 3580 5385 manus
3599 5328 3809 5385 militum

2230 5406 2645 5477 praetendebat:
2675 5408 2870 5480 vigiles
2916 5426 2985 5467 ex
3010 5427 3168 5484 aequo
3207 5414 3314 5471 sibi
3354 5429 3583 5475 somnos
3610 5428 3663 5475 et
3690 5427 3810 5474 tem-

2229 5511 2363 5568 pora
2391 5498 2701 5570 vigiliarum
2723 5502 3114 5561 sortiebantur.
3143 5502 3523 5568 Circumibant
3542 5506 3808 5570 momentis

2312 5691 2335 5757 ε
2382 5679 2567 5757 Υἱοιίε.
2599 5683 2721 5741 Mox
2769 5685 3015 5757 defectos.
3051 5686 3127 5747 In.

2307 5746 2334 5787 ἀ
2382 5749 2484 5810 Per
2508 5768 2770 5814 numeros.
2799 5746 2877 5816 Jb.
