3948 6362
125 384 255 442 2161

943 384 1219 443 HISTOR.
1261 384 1351 442 DE
1392 383 1673 445 EXCIDIO
1711 382 1984 444 lllEROS.
2027 383 2235 445 URBIS
2274 385 2404 444 LIB.
2448 387 2512 446 Υ.

3273 391 3419 449 Ἡϐἰ

127 503 370 559 omnibus
400 516 636 567 murum,
665 516 763 573 per
805 503 976 574 spatia
1004 504 1234 576 quisque
1268 505 1584 575 praescripta
1614 517 1713 559 suo
1740 503 1793 565 Α
1820 502 1909 567 tis.
1949 510 2006 558 et
2044 502 2226 559 nullus
2271 504 2508 574 ejulatus
2557 503 2611 559 in
2639 503 2914 576 exsequiis
2945 506 3111 563 totius
3145 504 3331 563 urbis:
3363 517 3419 565 et

126 598 355 663 muneri,
404 596 473 652 de
521 596 747 652 castello
780 596 833 650 in
861 595 1148 651 castellum
1184 612 1196 649 :
1231 611 1325 665 per
1355 595 1624 662 ordinem,
1658 604 1714 652 et

126 704 402 745 munerum
419 688 564 744 vices
587 703 694 743 uox
717 687 1178 759 frequentabatur.
1214 687 1446 744 Praecisa
1476 688 1714 759 undique

128 802 245 859 spes
270 786 601 854 Iudaeorum,
635 787 942 858 clausisque
967 802 1026 842 se
1070 786 1381 844 infunderat
1410 787 1598 855 fames,
1630 796 1714 843 at-

127 896 226 950 que
256 881 306 934 in
333 879 480 950 ipsas
508 878 692 951 pepuli
722 877 990 935 medullas
1019 879 1401 935 descenderat.
1434 880 1708 937 Persona-

129 972 251 1027 bant
272 972 451 1027 omnia
474 970 764 1041 gemitibus
787 970 1189 1042 deplorantium
1216 973 1543 1029 miserabilis
1569 988 1716 1029 mor-

129 1066 193 1120 tis
226 1063 508 1135 supplicia.
536 1073 562 1101 ⁸
599 1062 825 1134 Repleta
853 1071 1010 1119 erant
1048 1063 1301 1120 universa
1338 1080 1462 1120 cum
1506 1065 1714 1121 semine

128 1156 555 1213 cadaverum:et
600 1157 645 1211 si
697 1156 975 1227 paululum
1024 1165 1392 1227 exspectares,
1429 1159 1566 1212 intra
1599 1174 1716 1213 mo-

129 1260 358 1306 mentum
388 1249 734 1318 deficiebant,
780 1266 915 1322 quos
967 1251 1208 1307 viventes
1252 1267 1558 1323 repereras.
1608 1252 1715 1325 Ipsi

129 1358 330 1415 quoque
361 1343 453 1413 qui
480 1342 659 1399 adhuc
690 1342 992 1414 spirabant,
1040 1343 1214 1400 macie
1241 1345 1476 1401 confecti
1527 1346 1715 1418 imagi-

129 1448 242 1489 nem
287 1433 479 1489 mortis
523 1433 807 1505 gerebant.
842 1434 1111 1490 Exhausti
1140 1435 1282 1492 fame
1302 1445 1358 1492 et
1380 1437 1503 1494 tabe
1527 1437 1713 1502 luridi,

129 1540 220 1581 nec
245 1526 431 1582 oculos
458 1525 676 1597 quidem
722 1525 909 1583 faciles
958 1527 1209 1584 attollere
1251 1545 1265 1592 ;
1308 1530 1435 1600 quia
1503 1530 1714 1585 nullum

128 1622 359 1691 vigorem
381 1620 642 1676 naturalis
664 1630 863 1689 motus,
887 1633 1207 1693 consumpta
1224 1623 1437 1693 jejunio
1458 1622 1716 1681 substan-

130 1714 193 1769 tia
247 1712 429 1769 dabat.
480 1713 676 1787 Figura
735 1716 848 1771 sola
895 1714 1130 1771 hominis
1179 1727 1540 1785 remanserat,
1582 1733 1715 1776 usus

126 1804 487 1862 interciderat.
510 1804 813 1863 Simulacra
838 1823 1116 1874 cerneres,
1137 1808 1318 1866 officia
1346 1810 1707 1868 desiderares.

1817 608 1945 649 cum
1976 609 2171 650 sensus
2217 596 2434 667 quidem
2465 597 2672 652 doloris
2720 597 3020 665 interierat,
3065 599 3261 668 injuria
3308 614 3416 656 non

1816 687 2135 745 desistebat.
2170 689 2289 746 Non
2319 690 2547 746 deerant
2584 691 2747 747 etiam
2781 694 2834 747 in
2867 694 3029 749 tantis
3060 695 3236 760 malis,
3268 695 3420 750 dete-

1816 780 1993 838 riores
2020 783 2294 851 omnibus,
2340 784 2630 841 violatores
2670 785 2831 840 etiam
2873 785 3231 856 sepultorum.
3275 786 3418 855 Quid

1816 872 1994 930 dicam
2020 890 2127 931 non
2169 877 2447 933 horruisse
2474 892 2597 933 cum
2630 878 2921 934 illuderent
2948 880 3200 946 mortuis,
3226 888 3281 935 et
3300 880 3418 951 gla-

1816 968 2031 1024 diorum
2076 985 2296 1026 suorum
2327 973 2497 1027 aciem
2527 973 2580 1027 in
2632 971 3010 1028 defunctorum
3061 973 3418 1031 cadaveribus

1819 1063 2241 1132 praetentarent?
2264 1063 2515 1119 Nonnulli
2546 1066 2710 1120 etiam
2742 1066 3036 1121 viventium
3067 1066 3244 1123 adhuc
3267 1063 3294 1104 ἀ
3327 1083 3419 1122 ur-

1817 1158 2006 1228 gendis
2057 1159 2381 1227 corporibus
2433 1160 2841 1230 experirentur,
2884 1162 2929 1215 si
2979 1161 3083 1217 tela
3122 1161 3225 1217 sibi
3255 1169 3414 1217 acuta

1817 1251 2000 1308 forent
2030 1269 2042 1305 :
2072 1260 2130 1309 et
2159 1252 2247 1309 hic
2275 1263 2454 1308 tamen
2499 1269 2629 1309 usus
2660 1254 2930 1324 plerisiiue
2973 1254 3292 1325 rogantibus
3317 1255 3417 1310 de—

1820 1347 2142 1417 negabatur,
2192 1354 2248 1401 ut
2288 1346 2521 1403 miseros
2568 1346 2634 1402 ad
2675 1348 2923 1418 graviora
2948 1348 3220 1419 supplicia
3248 1347 3420 1404 fames

1818 1439 2223 1511 depasceretur.
2245 1440 2591 1511 Nequaquam
2624 1451 2801 1496 tamen
2825 1441 2959 1497 ultio
2984 1442 3261 1497 morituris
3289 1441 3419 1497 dee-

1818 1543 1946 1589 rat:
1979 1549 2101 1588 nam
2142 1532 2286 1604 quod
2327 1533 2434 1590 vivi
2462 1549 2570 1590 non
2621 1543 2934 1605 potuerant,
2976 1536 3323 1593 vindicabant
3356 1552 3417 1594 se

1818 1626 2042 1689 mortui,
2072 1626 2303 1680 ultorem
2356 1626 2438 1681 sui
2488 1626 2736 1682 faetorem
2790 1638 3065 1694 creantes,
3112 1643 3220 1700 quo
3263 1644 3323 1686 se
3348 1630 3417 1685 de

1817 1717 2118 1774 latronibus
2135 1718 2548 1774 ulciscerentur.
2574 1718 2675 1788 Qui
2695 1719 2933 1790 graviter
2952 1721 3242 1777 saevientes
3263 1737 3415 1792 qure-

1816 1819 2112 1880 rentesque
2166 1810 2499 1877 remedium,
2554 1811 2788 1880 speciem
2847 1811 3135 1882 quamdam
3201 1813 3420 1882 pietatis

126 1899 280 1954 Arida
311 1902 455 1957 cutis
502 1902 662 1960 siccis
687 1904 926 1961 haerebat
975 1904 1211 1962 ossibus.
1261 1906 1316 1962 Si
1368 1907 1501 1963 levis
1535 1916 1716 1963 motus
1743 1893 1791 1956 B
1822 1903 2129 1969 induerant,
2164 1903 2328 1959 etiam
2354 1903 2454 1973 ipsi
2483 1902 2573 1973 qui
2610 1902 3096 1984 latrocinabantur,
3138 1915 3193 1959 ut
3223 1919 3321 1960 eos
3350 1904 3420 1960 de

130 1993 390 2051 viventem
415 1997 692 2069 proderet,
716 1997 854 2055 fetor
878 2002 1264 2073 redarguebat:
1289 2003 1461 2060 exiles
1488 2011 1638 2059 artus
1661 2011 1717 2058 et

123 2085 268 2140 color
295 2087 367 2142 ita
408 2089 586 2159 niger,
636 2099 695 2146 ut
724 2093 968 2148 umbram
1010 2104 1252 2165 putares.
1306 2093 1414 2149 Nec
1453 2092 1715 2149 humandi

126 2177 335 2237 miseris
378 2180 561 2239 ofﬁcia
604 2186 1040 2256 suppeditabant,
1073 2186 1357 2243 exhaustis
1399 2185 1575 2257 primo
1596 2200 1715 2241 om-

125 2270 275 2328 nibus
313 2284 366 2330 et
393 2276 658 2333 continuo
689 2279 988 2335 morituris.
1030 2279 1097 2335 Et
1125 2280 1169 2336 si
1213 2281 1299 2336 cui
1337 2281 1479 2336 vires
1509 2279 1717 2351 aliquas

128 2366 388 2421 recentior
435 2368 590 2424 cibus
634 2369 821 2438 dabat,
868 2372 1147 2445 congestio
1193 2372 1519 2429 cadaverum
1563 2386 1715 2443 spem

128 2455 424 2524 ademerat,

497 2461 991 2532 impossibilitatem
1063 2467 1389 2522 incusserat.
1464 2464 1718 2537 Plerique

131 2551 278 2606 etiam
320 2553 626 2613 condendis
653 2571 874 2615 suorum
917 2560 1198 2617 funeribus
1246 2562 1715 2630 immoriebantur,

129 2654 182 2700 et
223 2646 491 2719 inexpleta
536 2654 773 2724 supremi
821 2657 1064 2713 muneris
1105 2657 1306 2726 officia,
1352 2674 1451 2715 suo
1504 2674 1719 2730 quoque

131 2737 267 2793 obitu
325 2741 798 2815 derelinquehant.
865 2747 1115 2805 Ruebant
1180 2766 1344 2822 super
1407 2750 1714 2819 defunctos,

132 2845 257 2898 quos
280 2846 636 2906 susceperant
664 2840 1012 2910 muniendos,
1043 2853 1101 2899 ut
1144 2844 1258 2915 ipse
1302 2860 1516 2917 quoque
1564 2845 1719 2902 oneri

133 2927 427 2999 accederet,
454 2930 541 2986 cui
572 2933 803 2991 levando
828 2935 1143 3005 advenerat,
1177 2940 1424 3012 indigens
1453 2941 1572 3013 ejus
1618 2943 1721 2998 mi-

134 3016 343 3077 nisterio
387 3023 536 3095 quod
574 3025 668 3081 alii
693 3026 990 3086 deferebat.
1040 3029 1155 3088 Nec
1205 3043 1319 3087 crat
1361 3031 1503 3089 ullus
1544 3032 1716 3090 dolori

137 3113 269 3167 locus
315 3113 369 3169 in
409 3118 684 3173 communi
739 3121 980 3177 omnium
1033 3123 1364 3194 calamitate,
1420 3126 1521 3182 nisi
1574 3126 1719 3198 quod

137 3214 374 3265 auctores
406 3219 572 3268 tantae
603 3214 835 3272 miseriae
873 3218 1315 3288 superviverent,
1359 3236 1457 3278 nec
1509 3230 1722 3293 tempus

1822 1996 2040 2069 publico
2079 1995 2272 2051 aerario
2320 1994 2538 2066 sepeliri
2560 1996 2837 2067 juberent.
2868 1996 2975 2053 Sed
3018 1997 3106 2054 ubi
3139 2000 3416 2069 nequitum

1819 2106 2132 2157 occurrere,
2174 2090 2243 2147 de
2273 2105 2429 2145 muro
2464 2090 2846 2147 defunctorum
2880 2091 3138 2161 reliquias
3185 2093 3239 2147 in
3287 2107 3417 2162 pro-

1821 2181 1983 2239 funda
2016 2182 2314 2253 praecipitia
2361 2182 2711 2250 dejiciebant.
2743 2182 2927 2253 Itaque
2949 2182 3225 2253 aspiciens
3261 2183 3418 2239 Titus

1821 2288 2127 2349 praeruptos
2152 2290 2350 2347 specus
2373 2277 2563 2345 plenos
2587 2276 2938 2344 cadaverum,
2961 2278 3171 2334 saniem
3199 2280 3224 2308 °
3246 2278 3314 2335 dc
3334 2280 3418 2335 la-

1820 2372 2019 2427 ceratis
2062 2370 2364 2426 visceribus
2426 2370 2789 2437 innatantem,
2847 2372 2955 2428 alte
3023 2373 3327 2444 ingemuit;
3365 2386 3421 2433 et

1821 2478 2015 2519 manus
2038 2462 2107 2518 ad
2136 2462 2334 2519 caelum
2377 2462 2621 2530 elevans,
2668 2463 2969 2519 testabatur
2998 2463 3414 2538 haudquaquam

1822 2559 1954 2615 illud
1987 2558 2088 2615 sibi
2118 2557 2524 2626 ascribendum,
2578 2558 2669 2629 qui
2711 2559 2975 2614 voluisset
3014 2559 3230 2616 veniam
3263 2561 3418 2629 dare,

1820 2651 1865 2706 si
1887 2650 2092 2707 deditio
2118 2649 2473 2720 procederet:
2497 2661 2845 2721 exspectasse
2875 2665 2935 2705 se
2952 2662 3010 2705 ut
3041 2666 3228 2723 pacem
3255 2668 3414 2724 roga-

1821 2752 1981 2799 rent:
2012 2750 2257 2813 paratum
2298 2757 2358 2798 se
2388 2751 2447 2797 ut
2489 2742 2790 2798 incolumes
2834 2750 3100 2811 servaret,
3134 2743 3178 2797 si
3214 2743 3413 2799 bellum

1821 2836 2246 2906 deposuissent:
2287 2834 2443 2905 jubet
2473 2835 2653 2904 itaque
2704 2849 2931 2906 aggeres
2977 2849 3169 2890 rursus
3205 2836 3411 2907 jacere,

1821 2929 1986 2985 etiam
2015 2944 2122 2983 non
2151 2927 2638 2999 propinquantibus
2666 2928 2839 2994 silvis,
2865 2928 2988 3000 quia
3021 2929 3230 2984 succisa
3255 2940 3416 2984 erant

1821 3023 1999 3079 omnia
2028 3022 2338 3077 suburbana
2372 3037 2593 3077 nemora
2622 3021 2905 3078 silvarum.
2935 3021 3221 3079 Vehcbant
3247 3031 3418 3078 matc-

1820 3116 1956 3171 riam
1992 3115 2216 3182 milites,
2262 3129 2358 3186 spe
2403 3114 2642 3171 victoriae
2696 3115 2937 3171 solantes
2990 3115 3253 3172 laborem.
3306 3115 3420 3172 Nec

1823 3218 2005 3265 tamen
2053 3209 2439 3282 frangebantur
2485 3210 2681 3265 animis
2731 3210 3006 3281 principes
3054 3209 3413 3266 seditionum.

139 3302 356 3368 querela:
381 3304 572 3362 liberis
598 3309 812 3379 quidem
825 3310 937 3382 jam
963 3313 1217 3382 vocibus,
1239 3316 1285 3371 si
1310 3315 1452 3386 loqui
1475 3291 1716 3387 ροεεέηι,
1747 3291 1793 3356 C
1827 3303 2066 3359 Furebat
2085 3303 2295 3368 Simon,
2326 3318 2428 3359 nec
2454 3313 2725 3358 tantorum
2766 3303 3032 3358 mortibus
3077 3310 3421 3359 exsaturatus

139 3392 264 3457 Quid
293 3398 440 3453 enim
472 3400 573 3455 sibi
601 3401 712 3472 jam
753 3405 1053 3462 morientes
1099 3407 1372 3474 timerent,
1410 3407 1507 3463 sed
1541 3418 1719 3464 tamen

140 3486 289 3542 mutis
307 3491 419 3558 jam
453 3494 705 3552 sensibus
741 3496 1067 3567 aSpicieutes
1094 3500 1375 3570 templum,
1411 3498 1565 3570 quasi
1595 3500 1722 3555 inde

142 3579 264 3637 ultio
291 3591 397 3640 tam
419 3586 526 3642 diri
566 3589 743 3646 exitus
769 3591 1195 3664 deposceretur?
1223 3598 1493 3650 Aruerant
1531 3610 1723 3667 supre-

143 3688 340 3733 morum
385 3684 705 3740 buumerum
736 3687 1012 3760 lacrymtc,
1052 3690 1176 3760 quia
1204 3704 1421 3746 omnem
1472 3687 1720 3746 affectum

144 3770 214 3823 vis
238 3774 359 3829 mali
388 3776 682 3834 clauserat.
711 3779 1036 3850 Obriguerat
1060 3784 1295 3851 animus,
1327 3784 1507 3840 omnis
1529 3798 1724 3839 sensus

145 3860 389 3936 haerebat,
422 3869 544 3940 plus
565 3887 722 3943 quam
746 3874 1090 3947 lacrymanda
1118 3878 1473 3933 tolerantibus
1502 3896 1514 3931 :
1538 3878 1726 3934 deerat

140 3953 240 4022 jam
282 3969 421 4017 terra
481 3965 723 4032 tumulis,
770 3966 1001 4024 defossis
1039 3969 1293 4025 omnibus
1348 3971 1484 4025 intra
1534 3969 1723 4024 urbem

144 4043 289 4118 locis,
363 4069 485 4122 quae
535 4064 827 4125 potuerunt
871 4058 1002 4114 dare
1050 4074 1205 4114 usum
1247 4059 1728 4131 sepulcri.’l‘enta-

148 4137 264 4196 bant
287 4144 451 4217 aliqui
481 4146 624 4204 inter
659 4150 795 4205 duos
821 4165 1026 4217 muros,
1057 4166 1254 4207 novum
1308 4153 1529 4218 ostium,
1573 4159 1726 4206 vete-

146 4248 357 4308 remque
387 4241 538 4297 urbis
584 4244 876 4313 procedere
905 4254 1172 4302 nocturno
1205 4245 1424 4302 silentio
1454 4264 1468 4299 :
1515 4247 1730 4317 pericu—

148 4322 257 4381 losa
283 4330 428 4399 licet,
462 4333 548 4404 pia
579 4343 756 4391 tamen
797 4337 933 4391 furta
981 4346 1382 4407 persuaserant.
1424 4337 1607 4407 Itaque
1631 4352 1729 4408 pro

148 4432 248 4472 uno
285 4424 467 4491 plures
494 4426 749 4498 insepulti
791 4427 1070 4497 jacebant,
1099 4438 1154 4485 et
1191 4444 1259 4486 eo
1298 4430 1438 4499 quod
1491 4431 1582 4484 uni
1635 4429 1733 4484 de-

148 4509 281 4569 ferre
307 4518 605 4588 gestierant
636 4536 731 4591 pro
753 4522 1048 4577 °bonorum
1081 4538 1306 4580 munere
1332 4523 1728 4580 defraudaban-

152 4615 267 4661 tur:
307 4613 401 4667 sed
422 4613 584 4668 etiam
618 4614 706 4669 ubi
730 4614 902 4671 hostis
941 4614 1147 4685 deerat,
1181 4618 1352 4673 fames
1377 4616 1726 4686 operabatur.

1824 3394 2087 3461 cedebat;
2119 3403 2175 3450 et
2200 3396 2325 3467 quia
2358 3395 2563 3451 inimici
2592 3394 2787 3451 deesse
2815 3404 3120 3466 coeperant,
3154 3394 3208 3450 in
3238 3395 3422 3452 socios

1824 3488 2266 3545 convertebatur.

2397 3578 2628 3635 CAPUT
2667 3577 2839 3634 XXII.

1899 3675 2142 3746 Denique
2173 3687 2273 3729 nec
2301 3672 2581 3729 Matthiam
2610 3671 2854 3743 quidem,
2879 3684 2988 3742 quo
3011 3682 3234 3729 auctore
3256 3673 3309 3728 in
3335 3690 3427 3729 ur-

1824 3767 1951 3824 bem
1978 3777 2233 3838 receptus
2253 3777 2336 3822 est
2358 3763 2378 3803 ί
2404 3765 2771 3820 excruciatum
2793 3764 3026 3831 necavit,
3051 3764 3254 3820 nullius
3282 3766 3425 3836 apud

1828 3875 1888 3914 se
1911 3859 2219 3914 convictum
2248 3856 2458 3927 ﬂagitii,
2476 3854 2568 3912 sed
2598 3855 2967 3910 insimulatum
2994 3855 3343 3925 proditionis,
3369 3867 3425 3913 et

1829 3960 2141 4023 suspectum
2184 3949 2437 4016 consilii,
2486 3946 2628 4019 quod
2658 3946 2713 4001 in
2753 3961 2911 4002 usum
2944 3946 3119 4016 plebis
3148 3945 3342 4002 sedulo
3370 3958 3427 4004 et

1829 4048 1949 4103 sine
1972 4046 2079 4102 ulla
2113 4043 2333 4109 fraude,
2367 4051 2640 4114 tamquam
2670 4040 2923 4097 familiari
2950 4040 3264 4099 crediderat
3288 4042 3426 4099 insi-

1834 4138 2131 4195 nuandum.
2162 4136 2218 4192 Id
2250 4137 2357 4192 alte
2386 4136 2710 4208 impressum
2742 4134 3072 4206 aliquamdiu
3101 4137 3296 4205 tenuit,
3326 4152 3428 4194 nec

1832 4233 1937 4303 jam
1994 4246 2055 4287 se
2085 4240 2143 4285 ut
2172 4230 2348 4284 amico
2376 4229 2628 4295 credidit,
2661 4227 2756 4283 sed
2801 4228 2934 4283 aluit
2962 4227 3388 4301 indignationem
3410 4274 3427 4301 ,

1832 4323 2033 4380 indicio
2096 4321 2457 4379 dissimulato.
2517 4321 2659 4391 Ergo
2722 4320 3093 4375 insimulatum
3149 4320 3292 4391 apud
3344 4338 3427 4390 se,

1833 4416 1977 4488 quod
1999 4430 2120 4472 cum
2156 4413 2418 4469 Romanis
2444 4412 2624 4468 studio
2649 4420 2974 4482 congrueret
3003 4420 3057 4467 et
3091 4413 3429 4481 conveniret,

1835 4510 1958 4582 rapi
1988 4524 2111 4565 cum
2157 4506 2283 4562 filiis
2325 4505 2501 4576 jubet.
2540 4513 2565 4552 ε
2589 4503 2922 4569 Accersitur,
2954 4517 3055 4558 nec
3096 4502 3433 4560 defensionis

1836 4602 1942 4658 ulla
1971 4601 2125 4672 copia
2151 4598 2341 4655 datur:
2366 4606 2491 4653 ante
2522 4610 2746 4651 examen
2769 4594 3111 4665 adjudicatur
3132 4596 3399 4666 supplicio
3416 4638 3432 4663 ,

151 4699 398 4772 Sepultor
436 4708 754 4779 plerumque
804 4709 1175 4781 praeveniebat
1225 4710 1627 4782 sepeliendum,
1676 4720 1731 4766 et

1836 4711 1936 4753 nec
1975 4695 2092 4766 ejus
2129 4692 2346 4749 soboles
2386 4689 2679 4759 excipitur,
2728 4687 2823 4743 sed
2874 4701 3048 4757 paenae
3100 4687 3431 4759 adjungitur.

1839 4791 1879 4806 ιι
1921 4788 2032 4806 κικᾼ.
2085 4801 2186 4806 ___
2247 4785 2367 4806 --:...
2418 4797 2634 4806 -.-η--..ιι
2695 4781 2787 4806 -..Α
2832 4781 3019 4806 ..μυ-...42η
3068 4781 3397 4806 ΔΑΙΛ-ειηιιι...

152 4798 350 4852 tumqu
376 4813 442 4855 eo
468 4817 627 4872 quem
667 4802 755 4858 alii
788 4812 1093 4874 paraverat,
1138 4802 1517 4859 includebatur
1548 4802 1732 4858 subito

152 4890 408 4947 exanimis
436 4910 449 4947 :
481 4903 535 4948 et
558 4893 740 4964 lapsus
770 4909 892 4950 cum
924 4893 1153 4961 defodit,
1186 4894 1334 4950 velut
1356 4895 1587 4964 quodam
1618 4903 1736 4950 stu-

154 4980 238 5035 dio
267 4984 444 5054 operis
472 4986 579 5054 sui,
624 4986 713 5057 jus
757 4986 1084 5042 vindicabat.
1130 4985 1201 5041 Et
1229 4986 1319 5041 ubi
1358 4996 1501 5041 terra
1526 4985 1734 5054 deerat,

159 5075 390 5134 tabulata
443 5080 880 5147 innectebantur,
932 5089 991 5135 ut
1038 5078 1421 5136 defunctorum
1475 5079 1739 5135 cadavera

158 5165 350 5224 loculis
375 5170 800 5228 includerentur.
832 5172 1084 5242 Plerique
1106 5185 1199 5227 eos
1221 5171 1325 5227 sibi
1355 5171 1457 5241 ipsi
1481 5171 1746 5241 parabant

156 5263 399 5319 inanibus
423 5266 557 5329 suis,
591 5281 661 5322 ne
691 5265 957 5321 deficeret
988 5264 1299 5335 hujusmodi
1341 5263 1738 5332 ministerium;

154 5362 310 5426 atque
333 5356 387 5412 in
416 5357 498 5413 his
519 5372 640 5414 sese
668 5373 815 5429 saepe
840 5368 1039 5426 sponte
1064 5356 1393 5423 condebant,
1414 5356 1656 5425 suspecti
1678 5370 1747 5412 ne

157 5463 299 5507 mors
326 5454 673 5524 praeveniret,
713 5462 769 5509 et
806 5452 1052 5524 sepultor
1080 5451 1318 5508 deesset.
1350 5450 1600 5507 Silebant
1625 5465 1747 5505 om.

159 5546 242 5600 nia
269 5559 440 5616 metu,
465 5548 640 5605 inedia
661 5562 850 5604 vocem
872 5546 1176 5611 ademerat,
1200 5545 1394 5601 civitas
1417 5542 1573 5615 plena
1597 5558 1744 5600 inor-

228 5678 253 5743 f'
295 5668 527 5743 lippum:
550 5677 695 5743 erant
726 5670 980 5724 univeme
1001 5666 1215 5721 semita.
1248 5663 1415 5719 BABR.

229 5738 260 5779 δ
301 5738 600 5797 Himeram.
632 5741 709 5798 ID.

233 5805 258 5870 ἲ
298 5811 561 5870 Bonorum
587 5826 802 5870 onerum
826 5825 1058 5866 munere.
1099 5808 1172 5864 In.

233 5831 263 5904 ἆ
298 5831 561 5870 bonorum
587 5831 972 5940 οὲινιιφμηιηε

301 5882 575 5955 Figendt‘s.
656 5885 693 5941 ι.
726 5898 871 5937 ututs.
896 5880 972 5936 In.

1836 4788 2038 4845 Orabat
2084 4801 2191 4842 non
2246 4785 2371 4839 vitae
2418 4797 2661 4847 usuram,
2694 4781 2788 4837 sed
2831 4781 3022 4836 mortis
3066 4781 3436 4846 celeritatem,

1841 4894 2048 4942 natura:
2086 4881 2366 4946 ordinem;
2398 4887 2456 4935 ut
2497 4878 2645 4949 prior
2687 4874 3054 4941 occideretur,
3090 4888 3159 4931 ne
3204 4875 3441 4929 filiorum

1842 4993 2004 5035 ncces
2031 4985 2325 5050 spectaret,
2360 4988 2460 5029 nec
2498 4979 2775 5043 superstes
2808 4978 2956 5026 esset
2993 4968 3272 5025 funeribus
3302 4968 3443 5024 libe-

1843 5088 2029 5130 rorum
2075 5085 2320 5136 suorum,
2367 5067 2483 5139 ipse
2530 5066 2787 5122 continuo
2827 5064 2985 5120 funus
3033 5063 3294 5119 futurus:
3335 5078 3446 5120 non

1848 5168 2182 5238 impetravit,
2214 5164 2359 5237 quod
2402 5165 2515 5233 ipsa
2547 5161 2719 5231 pietas
2749 5159 3027 5230 exigebat,
3070 5157 3283 5214 etiamsi
3336 5172 3445 5213 non

1850 5269 2087 5334 rogaret.
2125 5260 2238 5315 Hoc
2272 5256 2498 5329 rogabat
2541 5253 2644 5310 sibi
2690 5251 2846 5308 reddi
2878 5268 2976 5323 pro
3022 5267 3269 5317 munere,
3303 5251 3449 5320 quod

1851 5358 1902 5414 ci
1925 5357 2114 5413 urbem
2165 5353 2498 5424 aperuisset:
2527 5362 2654 5405 reus
2685 5346 2902 5417 quidem
2934 5345 3145 5416 patriai,
3196 5343 3293 5399 sed
3317 5356 3452 5398 con-

1851 5450 2070 5506 ciliator
2096 5443 2356 5502 Simonis.
2394 5442 2649 5498 Debuerit
2676 5440 2766 5494 ille
2795 5437 2935 5494 hanc
2971 5451 3191 5508 ptenam
3220 5434 3451 5499 civibus,

1853 5542 2089 5600 debebat
2113 5547 2297 5594 tamen
2318 5538 2367 5593 ei
2398 5535 2583 5594 Simon
2611 5535 2861 5605 gratiam.
2891 5532 3009 5603 Quo
3028 5530 3317 5595 crudelior,
3360 5529 3451 5599 qui

1926 5669 1951 5697 ο
1992 5635 2323 5713 Dilaceratt’s.
2356 5653 2435 5709 In.

1934 5734 1957 5773 ί
1997 5727 2185 5785 Codex
2215 5735 2359 5786 vet..
2386 5722 2820 5781 inexcruct'atum.
2847 5720 2928 5778 In.

1930 5808 1956 5846 ι
1994 5798 2300 5855 Arcessitur.
2329 5796 2404 5851 In.
