3948 6322
497 320 565 379 ξι
574 318 644 379 65

1825 307 1906 364 SA
1916 306 2072 365 NCTI
2111 304 2438 377 AMBROSH

3688 302 3833 359 2161

502 452 605 497 nec
655 433 832 501 amico
883 428 1157 504 pepercit,
1189 440 1292 487 nec
1328 434 1559 498 patrono
1605 427 1934 502 receptionis
1983 442 2097 483 suta
2125 428 2178 495 Α
2204 443 2389 485 muros
2431 427 2751 498 prreliabare
2785 446 2798 482 :
2829 427 2923 485 ille
2953 429 3296 486 obsidionem
3325 427 3559 485 volebat
3581 426 3826 493 solt-ere,

505 546 716 604 poenam
754 525 1035 583 relaxavit.
1068 523 1295 579 Ducitur
1319 521 1384 577 ad
1439 520 1767 592 supplicium
1798 531 1951 591 pater
1976 536 2099 583 cum

502 624 676 680 tribus
701 620 889 687 liberis
918 636 932 672 :
965 631 1089 672 nam
1116 624 1341 686 quartus
1384 612 1506 685 fuga
1536 629 1595 671 se
1632 624 1938 671 exemerat.
1974 613 2099 673 Sta-

504 718 675 774 tuitur
722 714 776 781 in
823 721 1121 783 conspectu
1166 708 1377 769 romani
1414 708 1688 765 exercitus
1736 707 2102 765 insultationis

505 807 711 889 specie,
745 814 800 860 ιιι
838 804 1164 874 supplicium
1193 802 1310 873 ejus
1337 801 1605 866 viderent,
1644 800 1710 855 ad
1752 815 1889 871 quos
1917 798 2104 872 egredi

505 899 891 963 desiderasset.
920 896 1178 955 Liberent
1198 901 1254 952 te
1281 894 1464 966 itaque
1492 893 1538 949 si
1567 900 1795 965 possunt
1817 893 1977 949 amici
2004 892 2103 948 tui.

507 990 859 1048 Deducuntur
880 998 932 1046 et
962 987 1080 1054 ﬁlii,
1112 1001 1213 1045 nec
1234 1000 1491 1059 suprema
1521 985 1709 1049 liberis
1736 986 1922 1042 oscula
1950 985 2103 1055 dare,

510 1101 610 1157 nec
634 1086 827 1143 ultimo
848 1082 1137 1153 complexu
1165 1080 1308 1139 ﬁlios
1332 1080 1611 1151 suscipere
1639 1080 1937 1150 permissus
1963 1095 2107 1136 :non

510 1176 797 1245 fraudatus
824 1184 1002 1239 tamen
1027 1174 1177 1241 vocis
1194 1181 1219 1209 ει
1242 1181 1481 1243 paternae
1510 1171 1785 1237 libertate,
1813 1171 2109 1233 miserabili

511 1270 653 1325 ﬁlios
682 1267 925 1338 alloquio
951 1265 1402 1343 prosequebatur.
1424 1266 1556 1336 Ego,
1581 1264 1697 1332 lilii,
1718 1265 1874 1323 vobis
1896 1264 2108 1321 hostem

512 1360 724 1429 induxi,
753 1374 854 1431 ego
881 1357 1167 1414 carniﬁces
1193 1356 1442 1424 adhibui,
1472 1357 1691 1428 quando
1719 1355 2001 1415 Simonem
2030 1356 2114 1412 ill-.-

517 1453 671 1526 gredi
707 1454 758 1507 in
796 1453 984 1507 urbem
1008 1453 1209 1523 rogavi.
1244 1450 1338 1511 llle
1363 1450 1481 1517 dies
1509 1450 1669 1506 nobis
1699 1450 1890 1507 mortis
1919 1449 2110 1520 hujus,

514 1547 606 1602 ille
637 1544 977 1617 parricidalis
1002 1558 1165 1599 causa
1204 1543 1528 1615 spectaculi.
1555 1542 1751 1608 Merui,
1783 1540 1979 1609 fateor,
2013 1556 2117 1599 nec

511 1640 725 1711 culpam
753 1652 956 1694 excuso
981 1655 994 1691 :
1024 1637 1152 1699 dum
1184 1652 1349 1695 unum
1379 1636 1679 1706 reprimere
1700 1636 1903 1706 gestio,
1930 1649 2117 1691 accer-

515 1732 616 1788 sivi
648 1731 1000 1787 deteriorem.
1036 1730 1117 1784 Ad
1168 1727 1429 1784 auxilium
1472 1728 1662 1791 Simon
1700 1727 1934 1799 petitus,
1964 1736 2017 1782 et
2048 1726 2117 1785 ad

518 1825 867 1901 parricidium
916 1826 1107 1898 patria:
1151 1838 1497 1881 conversus:
1542 1823 1732 1881 sedula
1781 1821 2010 1878 consilia
2062 1821 2114 1876 in

2209 532 2263 577 tu
2286 521 2741 590 expugnationem
2770 524 3177 592 approperahas
3209 540 3222 576 :
3254 523 3345 577 ille
3374 519 3724 591 prohibebat
3752 521 3833 573 in-

2208 614 2397 670 cendia
2427 626 2628 670 nostra:
2654 614 2825 677 urbis.
2850 624 2908 672 tu
2931 615 3179 672 ﬂammas
3207 616 3258 670 in
3287 616 3404 686 ipsa
3430 614 3630 685 templi
3654 611 3834 684 jacio-

2212 708 2305 764 bas
2335 707 2542 779 fastigia
2567 725 2581 762 :
2606 708 2698 765 ille
2728 716 3040 765 nostrorum
3071 709 3316 765 contuitu
3340 716 3833 764 sacramentorum

2211 799 2457 856 inducias
2496 800 2695 862 dabat.
2736 811 2792 857 tu
2828 816 2925 872 per
2955 803 3105 873 ipsos
3135 817 3420 857 sacrorum
3472 800 3600 857 dies
3629 798 3834 855 altaria

2212 894 2309 950 Dei
2340 908 2596 964 supremo
2626 893 2778 949 urbis
2807 893 3043 959 excidio,
3072 893 3417 950 sacerdotum
3449 907 3684 963 quoque
3708 905 3837 945 san-

2212 988 2378 1058 guine
2419 988 2796 1057 restinguebas
2830 1005 2844 1041 :
2899 988 2988 1043 ille
3036 1001 3243 1055 muros,
3277 997 3330 1041 tu
3364 986 3637 1056 templum
3671 983 3835 1038 obse-

2214 1080 2393 1135 deras.
2421 1090 2443 1118 °
2473 1079 2819 1137 Coacerbabo
2843 1082 3072 1136 crimina
3106 1096 3244 1136 utea.
3276 1081 3386 1150 Ego
3406 1079 3603 1149 patria:
3627 1091 3834 1134 manus

2215 1173 2394 1238 intuli,
2426 1187 2528 1243 ego
2550 1181 2701 1227 tuum
2731 1172 2976 1230 furorem
3009 1175 3241 1240 armavi,
3264 1189 3367 1245 ego
3399 1173 3525 1228 haec
3555 1153 3824 1227 universa

2217 1267 2573 1324 deliramento
2619 1268 2854 1338 quodam
2910 1268 3208 1324 senectutis
3258 1266 3276 1305 τ
3336 1268 3491 1322 initia
3545 1268 3830 1333 impressi.

2216 1358 2469 1430 Agnosco
2496 1358 2768 1417 dementis
2793 1361 2967 1417 artatis
2991 1360 3435 1430 imprudentiam.
3458 1358 3831 1416 Confessions

2221 1457 2465 1513 levemus
2522 1456 2782 1527 pudorem
2817 1499 2831 1523 ,
2894 1458 3153 1528 quoniam
3221 1454 3473 1527 negando
3541 1461 3829 1523 peccatum

2219 1564 2420 1607 exuere
2465 1565 2572 1606 non
2623 1564 2931 1620 possumus.
2977 1552 3092 1605 Duo
3138 1564 3249 1619 pra:
3297 1547 3515 1603 cmteris
3554 1545 3829 1602 excidium

2221 1642 2411 1712 patria:
2446 1641 2872 1699 acceleravimus
2903 1659 2918 1696 :
2966 1656 3068 1711 ego
3098 1655 3289 1696 errore
3317 1639 3571 1703 consilii,
3615 1647 3676 1693 tu
3702 1651 3830 1707 pro-

2222 1733 2402 1805 posito
2433 1732 2726 1803 parricidii.
2752 1733 2940 1790 Pendo
2965 1732 3125 1804 igitur
3145 1778 3159 1800 ,
3194 1731 3390 1802 patria,
3427 1730 3525 1785 tibi
3557 1739 3583 1776 ε
3614 1727 3833 1785 deditas

2225 1842 2415 1899 ptenas
2448 1847 2460 1880 :
2495 1836 2550 1883 et
2589 1827 2695 1883 hoc
2723 1829 2841 1898 ipso
2879 1828 3087 1886 Simoni
3112 1829 3315 1898 gratias
3339 1840 3477 1897 ago,
3507 1822 3656 1894 quod
3683 1823 3835 1878 cine-

516 1899 721 1991 crimsn
749 1921 999 1981 deduxit.
1027 1918 1126 1974 Rei
1151 1915 1179 1955 ι)
1205 1917 1403 1972 luimus
1432 1914 1642 1986 patriae,
1665 1914 1754 1986 qui
1772 1911 2118 1968 defensorem
2149 1899 2198 1958 Β
2226 1919 2378 1974 ribus
2400 1918 2507 1975 tuis
2537 1929 2816 1990 superstes
2840 1934 2946 1977 non
2970 1934 3088 1975 ero.
3113 1919 3290 1988 Atque
3318 1917 3523 1973 utinam
3557 1930 3668 1972 non
3697 1914 3834 1969 libe-

517 2013 889 2082 quzesivimus.
921 2011 990 2065 Et
1018 2018 1167 2065 recte
1210 2007 1429 2079 quidem
1466 2006 1729 2062 solvimus
1760 2019 1978 2075 pinnam
2016 2005 2120 2061 im-

522 2103 847 2175 prudentiae,
878 2116 985 2157 non
1015 2110 1195 2157 tamen
1224 2098 1491 2172 perﬁdim.
1520 2096 1770 2154 Absolvit
1806 2111 1904 2151 nos
1932 2094 2121 2150 Simon

520 2200 678 2279 ipse,
717 2197 846 2267 dum
889 2196 1148 2269 perimit:
1203 2193 1292 2267 qui
1336 2194 1654 2267 pronuntiat
1686 2206 1794 2246 non
1835 2189 1940 2245 sibi
1969 2204 1999 2244 a
2038 2202 2124 2244 me

522 2291 822 2354 donatum,
874 2291 970 2344 sed
1020 2287 1211 2360 patria:
1254 2285 1505 2341 contuitu
1548 2284 1814 2354 petitum,
1847 2291 1906 2337 ut
1932 2290 2125 2339 contra

521 2382 750 2454 Joannis
801 2381 1064 2438 saevitiam
1117 2378 1320 2434 auxilio
1370 2377 1614 2442 futurus,
1669 2390 1832 2447 quam
1891 2375 2125 2447 primum

523 2476 762 2541 adesset,
790 2483 845 2529 et
874 2471 1140 2528 Idumaeos
1168 2471 1472 2526 induceret.
1519 2469 1885 2535 Putabamus,
1917 2466 2129 2527 duobus

525 2568 673 2623 inter
722 2582 783 2622 se
833 2578 854 2605 ο
893 2564 1327 2635 conferentibus,
1361 2562 1587 2618 liberam
1627 2560 1838 2633 plebem
1867 2557 2127 2615 futuram.

525 2661 660 2730 Quis
688 2660 821 2715 mihi
852 2659 1119 2727 crederet,
1155 2673 1260 2714 non
1288 2658 1381 2713 tibi
1406 2657 1459 2712 id
1492 2671 1616 2712 meo
1639 2655 1819 2711 studio
1844 2653 2128 2719 detulisse,

528 2753 625 2810 sed
665 2754 734 2809 de
774 2754 962 2819 malis,
995 2754 1098 2808 boc
1130 2752 1466 2809 tolerabilius
1493 2749 1885 2816 arstimavisse,
1929 2746 2032 2802 nisi
2077 2754 2132 2801 tu

531 2845 854 2902 occideres?
895 2832 1005 2902 Sed
1050 2844 1181 2921 quid
1226 2859 1328 2915 ego
1358 2845 1437 2899 sic
1476 2844 1703 2914 loquor,
1736 2841 1889 2914 quasi
1922 2840 2132 2909 crimen

532 2941 834 2996 excusem?
872 2939 1019 2995 Nihil
1058 2952 1190 2995 sane
1227 2952 1345 2993 mea
1388 2936 1663 2991 sententia
1699 2935 1919 3005 gravius
1952 2932 2135 2988 facere

534 3033 716 3107 potui,
766 3047 928 3105 quam
973 3029 1117 3100 quod
1164 3037 1217 3084 te
1265 3030 1320 3083 in
1348 3028 1653 3082 cervicibus
1702 3027 1902 3081 nostris
1931 3024 2131 3081 locavi.

533 3127 643 3185 Sed
687 3128 741 3182 in
791 3142 857 3182 eo
898 3126 1083 3196 patria:
1130 3140 1277 3189 rcus,
1312 3137 1419 3177 non
1461 3122 1554 3176 tibi
1587 3121 1803 3176 luerim.
1842 3120 2134 3179 Debuerim

535 3237 635 3293 ego
665 3220 875 3291 civibus
906 3226 1164 3280 mortem,
1189 3214 1284 3271 sed
1315 3226 1368 3269 tu
1402 3212 1532 3268 mihi
1561 3213 1810 3284 gratiam.
1847 3209 2135 3275 Debuerim

538 3276 741 3386 patriae
776 3282 989 3383 pernam
1021 3308 1376 3382 proditionis,
1404 3307 1545 3379 quod
1576 3316 1626 3361 te
1654 3305 1984 3361 induxeritn.
2016 3302 2135 3363 Tibi
2163 3276 2208 3339 (ἶ

534 3409 751 3478 quando
776 3406 1021 3475 proditor
1050 3418 1169 3458 esse
1198 3401 1382 3471 coepi?
1412 3402 1465 3457 Si
1497 3400 1810 3471 fugiendum
1841 3406 2138 3471 putassem,

536 3501 917 3556 consulueram
945 3495 1101 3563 mihi,
1130 3512 1235 3561 npn
1266 3495 1593 3563 violaverant
1626 3496 1814 3563 patriae
1839 3495 2139 3549 necessitu-

538 3595 747 3649 dinem.
786 3590 915 3673 Quis
967 3588 1113 3659 enim
1168 3588 1379 3653 lt05teot
1430 3603 1541 3645 non
1580 3584 1807 3658 defugit,
1841 3596 1897 3641 ct
1926 3585 2139 3645 hostem

538 3686 851 3755 internum?
876 3687 944 3739 .\t
976 3693 1026 3755 te
1054 3683 1227 3741 civem
1262 3682 1589 3755 putavimus,
1622 3679 1719 3735 sed
1747 3683 1959 3739 hostem
1990 3682 2140 3743 inve-

542 3785 740 3839 nimus.
779 3779 860 3855 Ad
902 3776 1167 3849 auxilium
1204 3775 1427 3847 petitus,
1473 3774 1602 3844 quid
1629 3773 1972 3845 rependisti?
2001 3772 2142 3841 Quid

540 3884 667 3947 ante
704 3871 1013 3946 pollicitus?
1039 3878 1095 3931 et
1125 3884 1231 3945 quo
1275 3879 1460 3940 postea
1490 3867 1829 3925 conversus?
1858 3865 2143 3937 Ingressus

542 3983 692 4035 eras,
734 3977 793 4023 ut
823 3966 1036 4035 hostem
1065 3963 1407 4035 expelleres,
1438 3977 1545 4016 non
1579 3967 1640 4021 ut
1668 3960 1882 4029 hostem
1921 3974 2145 4017 exerce-

544 4075 636 4118 res
671 4079 684 4116 :
720 4072 777 4116 ut
804 4057 1040 4113 ferocem
1077 4054 1250 4127 ipsius
1282 4054 1541 4122 impetum
1573 4054 1921 4123 reprimeres,
1953 4066 2061 4109 non
2086 4057 2146 4105 ut

543 4153 612 4217 ad
652 4152 856 4223 bellum
885 4161 1211 4220 provocares
1241 4166 1254 4202 :
1285 4156 1344 4201 ut
1376 4144 1698 4221 proltiberes
1730 4144 1928 4199 civium
1954 4158 2143 4213 neces,

547 4260 655 4300 non
689 4252 745 4300 ut
786 4243 905 4313 ipse
934 4238 1257 4311 adjungeres
1287 4255 1300 4290 :
1333 4246 1393 4299 ut
1421 4235 1769 4309 latrocinium
1810 4236 2144 4307 repelleres,

548 4352 658 4393 non
700 4344 758 4407 ut
792 4334 911 4407 ipse
956 4328 1392 4397 latrocinareris,
1424 4327 1521 4385 sed
1548 4337 1609 4384 ut
1639 4327 1962 4389 subvenires
1988 4327 2147 4398 inpo—

547 4429 693 4491 centi
725 4428 944 4509 populo.
984 4426 1094 4483 Cur
1129 4424 1184 4479 in
1214 4423 1390 4494 ipsum
1425 4431 1512 4477 tua
1546 4435 1697 4477 arma
1727 4419 1980 4487 vertisti?
2007 4420 2147 4483 Ante

551 4518 890 4597 latrqcinio‘1
920 4519 1342 4597 appetebantur,
1368 4523 1423 4573 tu
1466 4514 1671 4570 bellum
1713 4514 1961 4587 intulisti.
2003 4516 2147 4581 Ante

548 4620 835 4694 pauciores
857 4616 926 4674 ad
956 4625 1187 4677 mortem
1218 4611 1590 4683 rapiebantur,
1619 4616 1676 4665 tu
1710 4620 1945 4681 stragem
1977 4623 2150 4683 popu-

549 4714 724 4775 lorum
767 4708 964 4771 fecisti.
1014 4707 1146 4777 Quis
1192 4703 1434 4777 proditor
1476 4701 1689 4774 patrize,
1733 4701 1857 4770 quis
1904 4700 2146 4757 Romana

551 4825 702 4879 arma
748 4804 871 4883 plus
915 4802 1083 4885 iuvit,
1129 4799 1233 4857 nisi
1278 4798 1368 4869 qui
1414 4796 1678 4855 exstinxit
1725 4796 1918 4867 patriae
1952 4810 2149 4866 propu-

554 4899 849 4976 gnatores?
882 4895 998 4953 Nisi
1041 4894 1132 4975 qui
1168 4892 1368 4960 eripuit
1406 4899 1683 4959 tantorum
1731 4888 1931 4943 civium
1959 4887 2148 4944 delen-

551 4993 802 5055 sionem?
828 4989 942 5051 Nisi
980 4985 1074 5059 qui
1100 4985 1168 5041 ab
1205 4983 1361 5039 hoste
1389 4982 1441 5036 in
1473 4980 1650 5047 socios
1674 4979 1906 5047 detorsit
1934 4993 2148 5035 mucro-

554 5086 714 5157 nem?
756 5082 940 5155 Hostis
986 5086 1138 5151 extra
1173 5090 1357 5149 muros
1395 5087 1582 5145 pacem
1612 5070 1892 5143 olIerebat,
1929 5082 1981 5128 tu
2005 5075 2147 5129 intra

627 5192 655 5221 α
699 5171 1113 5246 ΡαινῑωηΒΑιιλιι.

616 5254 646 5293 ὶ)
680 5253 892 5311 Sumus.
920 5242 999 5298 ld.

629 5335 653 5364 ε
682 5309 1097 5379 Conserentibus.
1127 5309 1203 5366 In.

628 5394 656 5435 ἀ
687 5387 1089 5462 Appetebaptur:
1113 5382 1191 5440 Io.

631 5478 655 5505 ο
685 5448 1021 5533 (ξόἀεςτυαὺρ.
1068 5454 1140 5533 ξι).
1172 5480 1240 5533 στ-
1281 5450 1643 5533 Betinendum
1674 5448 1899 5533 Igidelltl'
1940 5463 2149 5533 egerer-

558 5519 707 5595 babo.
754 5519 847 5587 Sic
892 5522 1035 5583 enim
1070 5519 1217 5594 l'oqui
1255 5532 1400 5595 amat
1429 5519 1641 5595 ancter.
1673 5519 1938 5595 Superius
1968 5519 2062 5576 lib.
2096 5536 2142 5586 ι,

558 5589 679 5678 cap.
705 5602 778 5658 25
809 5599 1068 5678 propeab
1099 5589 1250 5650 initio
1266 5610 1297 5678 ),
1319 5593 1393 5675 t
1421 5592 1723 5678 Hyrcanum
1748 5589 2146 5678 etAtttiputrunt

558 5663 1039 5733 incubare-alienis,
1082 5682 1197 5737 ᾳιιω
1362 5704 1376 5717 .
1403 5704 1417 5720 .
1446 5703 1459 5716 .
1494 5702 1507 5716 .
1537 5675 1716 5737 σιοεριιι
1740 5667 1939 5737 forent,
1966 5672 2148 5737 questu

558 5731 855 5816 grauium
886 5731 1237 5816 (Antigonus)
1259 5731 1666 5816 "concessisse.
1804 5731 1973 5816 editio
2000 5731 2147 5800 prin-

558 5801 711 5884 Eaps,
746 5814 833 5864 ubi
877 5801 1069 5863 minus-
1083 5801 1229 5884 recte
1255 5806 1485 5884 fortasse
1514 5804 1605 5881 alii
1623 5801 2012 5884 corrigendum
2041 5816 2144 5870 pu-

562 5874 671 5938 tant
700 5874 1044 5943 'coacervaret,
1076 5889 1133 5931 ιιι
1178 5879 1265 5932 hic
1294 5876 1594 5929 Barrensis.
1617 5874 1983 5927 Conﬁrmatur
2005 5887 2140 5941 prte-

2226 2013 2301 2067 ris
2317 2026 2494 2068 essem
2514 2012 2816 2081 superstes!
2834 2010 2940 2067 Sed
2960 2010 3026 2066 ad
3057 2011 3283 2067 sceleris
3309 2008 3408 2075 tui,
3437 2006 3649 2071 Simon,
3680 2020 3834 2061 acer-

2225 2105 2483 2170 bitatem,
2535 2105 2768 2162 ﬁliorum
2811 2106 2967 2161 necis
3011 2112 3285 2176 spectator
3341 2101 3563 2158 assisto.
3617 2099 3828 2167 Merui,

2230 2197 2426 2256 fateor.
2457 2194 2486 2234 ¹ι
2519 2199 2643 2269 quia
2686 2196 2954 2253 Joannem
3009 2197 3214 2267 pictum
3274 2193 3467 2250 videre
3493 2207 3605 2247 non
3636 2194 3832 2260 potui,

2229 2304 2282 2349 et
2317 2305 2366 2349 te
2394 2303 2660 2351 armatum
2688 2293 2846 2363 elegi.
2864 2289 2911 2348 Ο
2936 2291 3268 2363 praecipitem
3301 2288 3672 2345 senectuteml
3698 2287 3830 2342 ima-

2228 2386 2410 2456 ginem
2455 2386 2762 2451 timuimus,
2812 2394 3100 2456 tyrannum
3142 2381 3532 2452 expetivimus.
3558 2381 3667 2449 Ego
3703 2378 3831 2433 ﬁde-

2227 2480 2415 2549 jussor
2442 2486 2586 2545 tuus,
2617 2492 2719 2549 ego
2747 2476 3076 2548 deprecator
3106 2484 3230 2530 tuus
3253 2474 3578 2545 legationem
3608 2471 3830 2543 pertuli.

2235 2572 2347 2642 Ego
2398 2580 2449 2627 te
2490 2570 2770 2627 dominum
2819 2570 3046 2642 rogavi,
3102 2584 3481 2640 percussorem
3531 2566 3828 2622 introduxi.

2236 2664 2555 2736 Spectenius
2587 2678 2719 2735 ergo
2745 2678 2865 2733 quae
2892 2662 3123 2721 fecimus
3148 2680 3159 2716 :
3193 2660 3423 2717 Joannis
3448 2675 3546 2716 nos
3566 2674 3690 2715 cera
3720 2667 3829 2713 ter-

2236 2759 2380 2824 ruit,
2421 2757 2659 2815 Simonis
2701 2755 2991 2812 latrocinia
3019 2754 3453 2810 delectaverunt.
3486 2750 3831 2808 Aeccleretur

2237 2851 2421 2922 itaque
2466 2866 2660 2921 pompa
2711 2849 2988 2915 funebris,
3020 2848 3204 2903 veniat
3233 2843 3500 2909 carnifex.
3541 2843 3675 2898 ﬁlios
3707 2853 3832 2896 ante

2238 2960 2332 3000 ora
2375 2944 2577 3017 patris,
2612 2951 2928 3015 patremque
2970 2943 3260 2997 obtruncet
3289 2954 3457 3010 super
3488 2938 3719 2993 ﬁliorum
3746 2951 3835 2990 ca-

2242 3038 2462 3092 davera.
2499 3036 2757 3092 Hauriam
2788 3033 3114 3090 miserabilis
3147 3048 3317 3089 senex
3346 3031 3511 3087 ictum
3542 3028 3831 3095 carniﬁcis,

2241 3145 2405 3200 super
2428 3128 2563 3184 colla
2598 3128 2883 3200 pignorum
2922 3124 2936 3161 ί
2966 3124 3231 3180 vibrantia
3257 3124 3518 3179 securim.
3542 3124 3655 3189 Quo
3675 3135 3834 3189 spec-

2245 3222 2422 3277 taculo
2468 3219 2603 3275 nihil
2636 3219 2907 3274 funestius
2929 3260 2944 3286 ,
2981 3218 3082 3272 nisi
3112 3218 3203 3272 ille
3232 3217 3320 3286 qui
3355 3216 3530 3283 jubet.
3559 3211 3831 3276 Crudelis,

2244 3316 2498 3379 sceleste,
2529 3313 2671 3367 iacio
2698 3311 2840 3383 quod
2867 3311 3139 3383 praecipis,
3172 3309 3332 3374 facio,
3359 3308 3457 3364 sed
3482 3307 3696 3363 invitus.
3724 3305 3832 3361 lia-

2244 3407 2347 3462 beo
2389 3417 2566 3463 tamen
2613 3405 3045 3460 consolationem
3090 3413 3253 3463 tantm
3283 3401 3627 3465 calamitatis.
3658 3399 3833 3456 Patior

2244 3498 2505 3572 quidquid
2535 3499 2902 3554 miserrimum
2931 3508 3014 3553 est
3040 3496 3167 3557 dum
3197 3506 3251 3550 tu
3278 3494 3511 3564 iusseris
3538 3510 3552 3547 :
3582 3489 3827 3563 quidquid

2244 3603 2329 3661 est
2380 3591 2830 3653 immanissimum
2876 3590 3046 3644 subeo
3093 3587 3344 3651 libenter,
3390 3598 3441 3641 te
3476 3587 3696 3640 arbitro.
3728 3583 3827 3637 Ιιιι⁶

2248 3686 2408 3758 plesti
2430 3699 2738 3741 mensuram
2763 3684 3030 3740 scelerum
3059 3680 3486 3751 smvissimorum
3514 3701 3528 3735 :
3558 3679 3713 3737 liceat
3731 3677 3827 3731 sal-

2247 3791 2353 3838 tem
2384 3778 2533 3835 alfari
2564 3779 2799 3845 liberos,
2823 3787 3131 3835 extremum
3161 3774 3482 3846 pignoribus
3506 3770 3819 3827 valedicere.

2251 3877 2264 3925 ι
2306 3874 2390 3930 Sit
2438 3874 2660 3931 ultimus
2706 3872 2856 3927 locus
2903 3870 3140 3937 osculis,
3176 3883 3295 3937 qua!
3338 3866 3495 3922 nobis
3525 3865 3683 3921 etiam
3711 3877 3822 3918 cunt

2248 3969 2379 4026 feris
2424 3968 2733 4027 communia
2781 3975 2926 4023 sunt.
2974 3965 3090 4021 Non
3136 3963 3491 4036 prohibeatur
3518 3960 3823 4017 miserabilis

2247 4062 2529 4133 amplexus
2559 4072 2784 4127 naturae,
2812 4073 2974 4128 quem
3002 4058 3165 4113 etiam
3189 4055 3465 4111 defunctis
3484 4064 3659 4125 potest
3681 4065 3823 4106 casus

2248 4155 2472 4212 donare.
2506 4153 2660 4222 Quod
2701 4154 2864 4224 igitur
2890 4152 2955 4207 ad
2983 4166 3216 4223 poenam
3242 4149 3576 4221 praecepisti,
3601 4144 3822 4218 proﬁciat

2248 4247 2316 4307 ad
2347 4248 2603 4318 pietatem
2636 4245 2789 4301 milii.
2823 4245 3021 4301 Cadam
3050 4259 3213 4315 super
3235 4243 3426 4305 funera
3449 4258 3592 4310 mea,
3620 4248 3672 4297 et
3696 4240 3822 4294 inse-

2249 4339 2399 4410 pulta
2435 4340 2612 4395 adhuc
2652 4340 2798 4396 velut
2827 4339 3060 4411 quodam
3086 4335 3332 4407 corporis
3364 4335 3474 4390 mei
3502 4334 3723 4404 cespite,
3749 4343 3817 4385 te-

2248 4448 2406 4503 gam,
2452 4447 2523 4489 ne
2563 4431 2878 4502 discerpant
2912 4430 3198 4498 volucres,
3251 4438 3346 4484 aut
3389 4428 3523 4485 ferte
3559 4428 3814 4482 devorent.

2252 4526 2509 4581 Lambam
2561 4525 2738 4597 lingua
2788 4525 2958 4595 patria
3000 4523 3316 4594 sanguinem
3367 4537 3615 4577 meorum
3651 4518 3817 4589 pigno-

2252 4632 2405 4685 rum,
2436 4627 2490 4673 et
2523 4631 2703 4673 meum
2749 4616 2975 4683 diluam,
3009 4630 3078 4670 ne
3121 4613 3365 4669 lambant
3390 4613 3583 4668 bestia:
3613 4629 3627 4665 :
3656 4619 3707 4666 et
3724 4609 3816 4663 lor-

2255 4719 2396 4765 tasse
2440 4708 2604 4765 addet
2637 4708 2743 4764 hoc
2769 4709 2976 4781 pietas,
3006 4715 3061 4761 et
3094 4705 3373 4762 miseratio
3401 4714 3609 4761 natura:
3638 4702 3813 4771 ipsius,

2253 4810 2311 4871 ut
2347 4801 2652 4871 arctissimo
2683 4802 2933 4871 amplexu
2969 4799 3228 4861 moriens,
3263 4798 3466 4854 liberos
3494 4811 3647 4853 meos
3681 4794 3817 4850 strin-

2251 4912 2374 4968 gam
2406 4913 2419 4950 :
2451 4911 2519 4952 ne
2547 4906 2600 4955 tu
2631 4910 2883 4967 separare
2912 4895 3120 4966 possis,
3152 4909 3273 4948 cum
3301 4892 3459 4947 velis.
3494 4890 3654 4947 Certe
3679 4889 3719 4945 si
3743 4902 3814 4942 se-

2250 4989 2467 5061 parabis
2493 5004 2743 5063 corpora,
2760 4990 2970 5045 animas
2999 4997 3178 5049 tamen
3197 5002 3304 5041 non
3325 4984 3818 5056 separabis.Sedsa-

2252 5083 2320 5138 tis
2341 5083 2452 5157 jam
2476 5083 2832 5154 lacrymarum
2846 5081 3098 5141 viaticum
3116 5080 3474 5152 sumpsimus:
3495 5079 3703 5146 Punite,
3720 5075 3816 5140 ﬁlii,

2261 5226 2411 5272 terea
2448 5214 2636 5271 eadem
2684 5218 2842 5273 lectio
2888 5218 3195 5272 coacerbabo
3239 5232 3307 5272 ex
3347 5218 3584 5287 simplici
3631 5214 3813 5287 acerba.

2259 5287 2404 5415 wind
2426 5290 2628 5354 saepius
2641 5288 2848 5343 auctori
2868 5300 3181 5356 usurpatum
3199 5289 3407 5344 videas.
3424 5283 3542 5344 Lib.
3562 5304 3621 5351 ιι,
3641 5283 3813 5355 cap.9:

2322 5376 2348 5411 ε
2381 5358 2600 5411 alterunt
2636 5362 2837 5414 acerbe:
2858 5402 2874 5415 .
2913 5360 3134 5415 alterum
3174 5376 3427 5414 arcessas.
3462 5360 3597 5415 Item
3632 5360 3719 5413 lib.
3745 5371 3812 5415 tr.

2322 5376 2348 5411 ε
2381 5358 2600 5411 alterum
2636 5362 2837 5414 acerbas
2858 5402 2874 5426 ,
2913 5360 3134 5415 alterum
3174 5376 3427 5414 arcessas.
3462 5360 3597 5417 Item
3632 5360 3719 5413 lib.
3745 5371 3812 5419 tv,

2264 5444 2384 5499 cap.
2419 5430 2486 5483 15
2519 5447 2532 5484 :
2560 5428 2767 5484 Bellum
2797 5425 3101 5486 acerbabant
3125 5433 3235 5486 sine
3256 5431 3406 5488 t'em'a
3432 5431 3718 5486 deditionis.
3743 5425 3812 5482 Sic

2254 5511 2309 5557 et
2341 5499 2542 5569 pluries
2571 5501 2719 5555 alibi.
2750 5501 3027 5558 GALLAND.

2331 5568 2353 5643 ζ
2380 5568 2582 5643 Exitio.
2618 5572 2782 5643 Bittis.

2326 5642 2354 5681 κ
2385 5641 2614 5696 Debitos.
2648 5641 2723 5698 In.

2325 5702 2350 5781 ί)
2395 5710 2516 5779 Qui.
2550 5712 2626 5767 In.

2333 5785 2347 5811 ¹
2388 5784 2664 5848 ιίὺναηιίε,
2693 5791 2769 5847 In.

2323 5860 2336 5908 l
2379 5856 2461 5911 Si!
2487 5857 2623 5917 ullus
2643 5865 2835 5919 ultimis
2858 5862 2998 5918 locus
3016 5863 3200 5921 oculis.
3224 5861 3299 5919 In.
