3948 6354
279 361 435 421 Ξίϐδ

1117 362 1387 421 HISTOR.
1430 364 1520 420 DE
1561 358 1841 420 EXCIDIO
1878 360 2152 422 HIEROS.
2196 363 2403 423 URBIS
2438 365 2573 422 LIB.
2615 365 2683 422 V.

3448 369 3592 427 2M6

285 495 347 538 ct.
390 492 646 540 secuturo
667 486 808 554 patri
848 484 991 541 viam
1018 490 1227 555 parate.
1261 482 1317 539 Si
1346 490 1574 555 potuero
1595 482 1885 553 consequi,
1914 486 1965 541 Α
1996 482 2300 552 urgentium
2352 483 2532 537 minus
2561 481 2686 538 felix
2727 483 2987 555 imperio,
3018 484 3213 542 melior
3241 495 3419 542 tamen
3449 487 3595 545 lilio?

283 578 597 634 comitabor
622 579 786 634 simul
810 622 824 644 ,
851 589 907 636 et
936 580 1043 635 erit
1061 578 1173 633 illic
1203 578 1592 646 impedimento
1613 585 1886 640 senectus,

284 686 405 741 quo
444 672 690 729 viventes
714 672 949 744 juvenes
987 673 1168 728 minus
1189 686 1512 742 consequar.
1546 670 1625 726 Ad
1655 670 1893 726 mansio-

284 780 421 821 nem
464 766 773 836 praecedite,
827 775 886 821 ut
930 766 1130 821 fessum
1181 775 1386 836 patrem
1431 765 1742 836 suscipiatis
1771 764 1893 819 ditt-

285 865 456 912 turno
483 857 738 929 hospitio.
772 858 929 914 Volui
972 858 1187 929 quidem
1218 858 1523 928 prazcedere
1554 858 1693 927 ipse,
1717 867 1771 913 et
1802 871 1891 913 ro-

281 949 435 1019 gavi,
463 950 556 1004 sed
587 964 694 1005 non
718 950 1034 1021 impetravi;
1068 959 1246 1005 tamen
1271 959 1297 987 ι
1325 950 1471 1021 quod
1504 949 1710 1005 innoxii
1736 948 1886 1015 estis,

280 1054 361 1094 eo
403 1041 629 1096 meliora
677 1041 830 1096 vobis
874 1041 1109 1112 hospitia
1140 1042 1476 1109 deferentur,
1503 1057 1665 1113 quam
1698 1042 1742 1096 si
1775 1042 1891 1112 ipse

281 1134 587 1187 accersitor
623 1132 865 1190 Simonis
905 1133 1287 1206 praevenirem.
1338 1133 1541 1190 Gravat
1579 1149 1667 1190 me
1694 1134 1786 1189 illa
1814 1136 1892 1190 le-

280 1228 461 1295 gatio,
495 1226 620 1282 licet
646 1242 676 1282 a
703 1228 914 1284 civibus
947 1228 1224 1293 mandata,
1268 1237 1487 1299 petente
1514 1228 1714 1298 p0pulo
1742 1226 1771 1267 δ
1800 1243 1892 1282 su-

278 1328 498 1388 specta.
518 1319 818 1376 Prrecedlte
845 1336 999 1391 ergo,
1025 1320 1142 1387 lilii,
1164 1321 1451 1376 mundiore
1468 1335 1760 1390 supernum
1785 1322 1891 1377 iter

279 1420 576 1480 carpentes
610 1413 861 1483 vestigio.
895 1414 960 1467 Et
993 1411 1321 1468 Macchabaei
1354 1422 1579 1467 matrem
1611 1425 1890 1481 praevene-

282 1514 419 1558 runt
468 1523 480 1557 :
530 1502 627 1559 sed
672 1504 751 1559 illi
795 1505 861 1559 ad
911 1506 1234 1575 prmmium,
1285 1519 1381 1558 vos
1424 1504 1489 1558 ad
1539 1503 1884 1574 supplicium.

281 1596 568 1665 Spectavit
594 1606 773 1651 tamen
806 1597 889 1667 pia
925 1605 1094 1651 mater
1121 1596 1418 1652 morientes
1441 1595 1612 1661 filios,
1645 1606 1700 1650 et
1725 1610 1887 1665 supra

277 1703 513 1744 suorum
550 1704 611 1745 se
640 1690 892 1745 volutans
922 1691 1238 1761 sanguinem
1257 1732 1272 1757 ,
1300 1689 1433 1744 vidit
1463 1689 1888 1759 complectentes

276 1796 349 1837 se
392 1782 623 1838 invicem
663 1783 858 1839 fratres
886 1791 1094 1839 natura:
1124 1783 1556 1849 necessitudine;
1588 1793 1642 1838 et
1672 1797 1771 1838 suo
1794 1783 1888 1838 lae-

1994 572 2159 628 Pater
2183 578 2325 629 enim
2352 575 2453 630 sibi
2488 573 2667 630 minus
2709 574 2838 632 felix
2865 591 2985 633 esse
3016 594 3175 649 quam
3219 581 3407 649 patriae
3426 622 3440 647 ,
3469 581 3596 637 licet

1993 666 2399 734 miserabiliter,
2421 668 2506 737 pie
2521 674 2699 725 tamen
2716 671 2924 726 maluit.
2948 672 3130 741 Itaque
3142 686 3203 728 se
3220 688 3343 729 cum
3360 691 3455 731 sua
3470 691 3593 746 pro-

1993 762 2167 829 sapia,
2186 776 2440 832 egressus
2463 763 2651 818 urbem
2663 807 2677 831 ,
2693 764 3004 834 Babyloniis
3025 767 3399 824 obsidentibus
3413 770 3464 824 in
3479 785 3593 825 scr-

1993 851 2184 907 vitinm
2206 853 2380 920 dedit,
2398 871 2464 909 ne
2491 866 2740 910 eversam
2766 858 3020 926 patriam,
3040 871 3109 912 ne
3123 860 3377 929 populum
3394 858 3489 915 Dei
3504 875 3594 916 ca-

1996 942 2201 1013 ptivum
2229 944 2461 1001 videret.
2478 946 2647 1000 Filius
2669 953 2848 1001 autem
2873 962 3112 1001 mrumna
3130 949 3265 1017 pari,
3283 948 3378 1004 sed
3394 947 3592 1006 affectu

1994 1040 2189 1111 impari
2224 1059 2236 1094 :
2271 1040 2397 1095 dum
2424 1042 2527 1096 sibi
2559 1041 2773 1106 metuit,
2803 1051 2857 1096 et
2879 1055 2939 1096 se
2970 1042 3023 1095 in
3055 1043 3304 1097 exsilium
3326 1051 3380 1097 et
3401 1045 3590 1100 urbem

1993 1132 2046 1185 in
2065 1131 2331 1186 excidium
2345 1131 2587 1186 deduxit.
2613 1131 2712 1187 Hic
2732 1133 2914 1203 itaque
2937 1133 3118 1189 infelix
3141 1134 3349 1205 patriae,
3369 1150 3469 1191 nec
3490 1136 3591 1191 sibi

1993 1223 2144 1289 felix,
2177 1227 2347 1296 quiet
2372 1225 2573 1281 liberos
2613 1240 2742 1281 suos
2771 1236 2827 1281 et
2854 1228 3043 1282 oculos
3070 1229 3252 1283 amisit
3271 1247 3285 1283 :
3304 1230 3395 1285 ille
3410 1239 3588 1285 autem

1994 1318 2331 1388 prudentior,
2356 1318 2446 1387 qui
2472 1318 2838 1388 captivitatem
2866 1320 3065 1375 civium
3088 1335 3181 1375 sua
3209 1321 3439 1377 redemit
3459 1337 3587 1392 cap-

1994 1412 2228 1466 tivitate.
2278 1410 2521 1481 Denique
2551 1410 2601 1464 id
2633 1412 2810 1465 exitus
2848 1410 3066 1467 docuit:
3102 1412 3203 1467 iste
3229 1414 3281 1466 in
3312 1426 3479 1483 regno
3505 1428 3590 1468 sc-

1992 1509 2135 1576 nior,
2163 1507 2254 1562 ille
2271 1508 2457 1578 juniur
2481 1508 2532 1561 in
2558 1507 2783 1562 servitio
2805 1506 3029 1572 defecit,
3052 1507 3298 1579 quamvis
3323 1511 3371 1563 ei
3402 1520 3588 1579 postea

1992 1604 2247 1659 thronum
2288 1600 2495 1673 regium
2535 1601 2867 1673 Babylonius
2898 1617 2990 1657 rex
3028 1601 3179 1671 juxta
3210 1616 3270 1657 se
3296 1603 3589 1658 constitue-

1991 1698 2094 1759 rit.
2129 1704 2183 1751 et
2223 1696 2437 1749 consilii
2469 1694 2733 1750 detulerit
2776 1696 3220 1764 prtrrogativam,
3263 1697 3475 1750 miserae
3500 1711 3593 1750 ca-

1991 1789 2251 1845 lamitatis
2285 1788 2505 1844 solatio.
2540 1788 2785 1858 Denique
2822 1788 3283 1860 tolerabiliorjam
3316 1804 3433 1846 mea
3466 1804 3588 1845 sors

276 1873 502 1929 tabatur
533 1875 843 1945 triumpho,
888 1890 1045 1945 quem
1074 1877 1143 1931 de
1173 1885 1405 1948 tyranno
1426 1876 1879 1947 consequebatur.
1914 1869 1962 1930 B
1990 1893 2093 1951 est,
2129 1893 2250 1953 post
2299 1881 2591 1937 liberorum
2634 1895 2820 1935 necem
2864 1882 3028 1946 mori,
3058 1896 3217 1952 quam
3259 1883 3440 1938 vivere
3472 1900 3484 1938 :
3534 1890 3590 1936 ut

276 1965 508 2021 Diversa
550 1967 766 2037 quidem
814 1970 1135 2038 patientium
1181 1970 1398 2035 merita,
1434 1970 1529 2024 sed
1560 1969 1749 2025 eadem
1782 1984 1885 2025 saa-

1989 1976 2166 2039 scias,
2216 1990 2376 2044 quant
2408 1973 2648 2029 crudelis
2693 1974 2795 2041 sit,
2833 1974 2921 2044 qui
2972 1973 3115 2029 ﬁlios
3140 1983 3266 2030 ante
3294 1989 3386 2030 ora
3422 1975 3589 2045 patris

275 2063 416 2116 vitia
454 2062 734 2133 utriusque
785 2064 1170 2134 pra-cipientis.
1211 2064 1423 2119 Invenit
1450 2068 1552 2119 hoc
1581 2063 1883 2120 Antiochus
1982 2068 2210 2138 jugulet.
2242 2065 2409 2136 Cujus
2448 2066 2609 2120 etiam
2646 2066 2843 2137 regalia
2873 2081 3096 2122 munera
3134 2067 3402 2125 deteriora
3435 2077 3586 2135 sunt,

274 2152 503 2236 Persica
536 2154 905 2220 immanitate;
938 2154 1082 2224 apud
1116 2159 1262 2225 ipsos
1292 2155 1434 2210 enim
1466 2171 1729 2211 novorum
1757 2166 1884 2211 sunt

278 2252 596 2300 commenta
641 2246 1054 2315 suppliciorum.
1098 2247 1177 2302 Tu
1224 2256 1513 2303 exsecutus
1543 2263 1643 2303 es:
1687 2248 1778 2303 ille
1806 2257 1884 2303 ta-

276 2352 412 2392 men
452 2339 688 2393 servavit
721 2339 965 2393 uitimam
994 2348 1224 2395 matrem
1256 2342 1323 2394 ad
1356 2343 1763 2410 persuasionem
1798 2357 1886 2397 re-

273 2431 386 2501 gia:
426 2429 752 2497 voluntatis;
780 2440 832 2486 tu
859 2433 1068 2487 servari
1102 2431 1311 2502 jnssisti
1344 2442 1553 2502 patrem
1578 2432 1645 2490 ad
1675 2434 1884 2489 crucia-

277 2532 400 2576 tum
450 2522 661 2592 paterni
702 2521 929 2577 doloris.
980 2524 1344 2579 Consolamini
1375 2539 1505 2592 vos,
1554 2523 1650 2579 filii
1682 2524 1886 2580 charis-

274 2616 412 2672 simi
440 2634 452 2671 :
485 2617 722 2686 patimur
752 2632 853 2672 nos
887 2617 1032 2688 quod
1058 2618 1203 2687 passi
1225 2630 1349 2673 sunt
1381 2630 1671 2690 martyres.
1697 2617 1881 2674 Simon

274 2708 496 2775 statuit,
530 2709 674 2778 quod
709 2716 1029 2778 persecutor
1062 2709 1327 2765 barbarus
1354 2711 1595 2777 invenit,
1620 2718 1884 2781 tyrannus

280 2798 569 2869 prtecepit.
602 2799 1022 2857 Proﬁciscamur
1050 2799 1209 2870 igitur
1234 2801 1498 2865 volentes,
1532 2810 1586 2856 et
1615 2799 1884 2871 fugiamus

274 2900 592 2948 conventus
636 2892 930 2947 latronum.
973 2892 1117 2947 Sane
1147 2907 1268 2947 cum
1309 2893 1359 2947 in
1389 2892 1532 2947 illam
1571 2900 1881 2961 perpetuam

274 2985 505 3039 domum
542 2994 563 3022 ο
609 2984 1066 3051 discesserimus;
1109 2985 1153 3040 si
1186 2984 1277 3055 qui
1316 2985 1382 3040 ad
1422 2998 1522 3039 nos
1557 2983 1766 3040 venerit
1789 2984 1884 3055 qui

276 3082 568 3152 requirant
594 3081 720 3150 quid
744 3080 855 3151 agit
890 3081 981 3136 ille
1019 3080 1294 3151 quondam
1331 3080 1421 3135 Dei
1454 3079 1714 3150 populus;
1753 3079 1881 3150 quid

276 3174 395 3230 illis
431 3173 914 3243 respondebimus?
940 3173 1171 3229 Maxime
1197 3175 1241 3229 si
1273 3173 1458 3239 vobis,
1483 3182 1670 3244 utpote
1695 3172 1880 3243 junio-

1987 2175 2147 2232 qu:im
2195 2159 2410 2229 pietatis
2432 2159 2676 2213 vulnera.
2712 2162 2821 2213 Aut
2849 2160 2993 2214 enim
3037 2168 3146 2214 tam
3188 2158 3353 2229 impia
3386 2159 3588 2216 inferre

1989 2256 2166 2325 primo
2202 2269 2307 2308 non
2342 2252 2551 2315 debuit,
2583 2258 2677 2306 aut
2718 2259 2827 2306 tam
2862 2253 3132 2306 honorata
3175 2261 3361 2322 postea
3390 2252 3591 2308 substi-

1987 2354 2168 2413 tuere,
2217 2346 2371 2415 quasi
2418 2344 2625 2415 qumvis
2660 2343 2896 2412 dignitas
2920 2344 3127 2399 redemi
3150 2346 3319 2415 possit
3350 2345 3586 2400 filiorum

1989 2438 2306 2505 amissione,
2337 2445 2430 2491 aut
2455 2437 2801 2506 compensari
2831 2437 3009 2493 cmdes
3036 2436 3239 2493 sobolis
3266 2439 3458 2508 quovis
3486 2454 3587 2495 usu

1990 2531 2213 2586 honoris
2248 2548 2260 2583 :
2288 2529 2437 2584 nulla
2470 2528 2736 2599 profecto,
2766 2530 2910 2584 nulla
2941 2529 3174 2600 dignitas
3200 2539 3407 2586 tantum
3434 2531 3588 2587 dolo-

1989 2638 2103 2678 rem
2149 2622 2372 2676 allevat.
2425 2621 2614 2675 Nullus
2659 2620 2835 2676 honor
2882 2631 3037 2676 curat
3079 2621 3181 2675 boo
3210 2621 3434 2688 vulnus,
3478 2623 3583 2679 nisi

1990 2714 2103 2769 sola
2136 2728 2303 2779 mors,
2336 2728 2456 2783 qua:
2483 2726 2704 2767 sensum
2726 2710 2949 2779 adimat,
2976 2698 3407 2768 recordationem
3430 2716 3581 2770 aufe-

1988 2815 2092 2860 rat.
2122 2805 2339 2861 Festina
2371 2819 2523 2873 ergo,
2553 2817 2843 2873 percussor
2877 2820 2890 2856 :
2924 2817 3200 2859 remorare
3224 2813 3423 2871 tamen,
3453 2805 3583 2861 dum

1989 2900 2190 2955 liberos
2238 2898 2419 2965 video,
2453 2897 2581 2952 dum
2614 2897 2765 2968 prius
2793 2911 2953 2967 quam
2981 2899 3305 2966 moriantur,
3338 2899 3581 2969 aspicio:

1989 3006 2057 3048 ne
2085 2991 2208 3062 quis
2242 2992 2421 3046 aetatis
2451 2991 2675 3049 forsitan
2706 2989 3096 3045 immaturitate
3138 2989 3406 3059 turbatus,
3436 3006 3585 3048 mor-

1989 3095 2095 3141 tem
2131 3087 2351 3151 timeat,
2384 3100 2507 3140 cum
2534 3084 2818 3141 saeviorem
2846 3086 3038 3139 evadat
3068 3091 3381 3155 tyrannum.
3410 3086 3584 3143 Bene-

1989 3177 2171 3232 ficium
2204 3186 2309 3243 est,
2345 3175 2466 3243 filii,
2496 3176 2656 3243 mori,
2688 3191 2757 3232 ne
2776 3176 2962 3245 patriae
2991 3175 3270 3232 videamus
3294 3176 3581 3247 captivita—

277 3266 458 3331 ribus,
492 3266 708 3337 integer.
732 3267 831 3321 aevi
861 3265 1144 3330 Jonatlias,
1175 3265 1305 3321 mihi
1339 3265 1497 3331 Saul,
1530 3275 1716 3336 utpote
1752 3280 1879 3335 pec-
1909 3257 1956 3320 C
1990 3279 2098 3326 tem
2129 3289 2142 3324 :
2187 3269 2549 3325 tolerabiliora
2596 3269 2843 3338 corporis
2887 3283 3045 3338 quam
3087 3269 3288 3324 mentis
3333 3269 3578 3324 vulnera.

275 3361 459 3416 catori
487 3359 809 3416 occurrerit.
834 3360 971 3427 Quid
995 3357 1264 3432 (inquam)
1293 3360 1557 3426 dicemus,
1587 3359 1690 3415 nisi
1714 3374 1880 3429 popu-

278 3454 398 3508 lum
424 3453 573 3508 illum
593 3452 729 3508 Juda
755 3453 1025 3508 novellum
1056 3453 1334 3520 dilectunt,
1358 3469 1519 3524 quem
1549 3467 1698 3508 mare
1725 3451 1877 3523 fugit,

276 3545 375 3600 cui
416 3544 497 3599 soi
525 3544 697 3609 stetit,
727 3544 895 3600 cessit
920 3543 1170 3600 Iordanis
1198 3561 1212 3598 :
1246 3544 1498 3614 populum
1530 3542 1795 3617 (inquam)
1818 3543 1878 3599 il-

280 3642 424 3709 lum,
467 3640 555 3696 cui
588 3642 808 3712 pervius
837 3640 1039 3696 ﬂuctus
1075 3640 1195 3708 fuit,
1228 3657 1322 3699 aer
1351 3642 1566 3709 fertilis,
1602 3651 1745 3698 terra
1769 3657 1882 3699 cm-

282 3735 479 3790 lestis:
510 3749 631 3804 quae
671 3750 778 3790 non
811 3745 869 3789 ut
893 3732 920 3772 ά
952 3744 1133 3791 vestra
1163 3735 1284 3791 haec
1316 3737 1740 3807 terra,speciem
1763 3752 1885 3792 cor-

280 3827 561 3898 rnptionis
603 3827 873 3895 induerit,
929 3828 1023 3885 sed
1070 3830 1490 3886 resurrectionis
1527 3832 1756 3901 gratiam
1797 3847 1887 3886 as~

280 3923 584 3993 sumpserit
611 3939 624 3976 :
655 3921 863 3978 servire
891 3938 1032 3977 nunc
1059 3922 1332 3987 ldumaeis,
1357 3933 1411 3978 et
1436 3923 1735 3993 subjectum
1761 3940 1885 3981 esse

282 4013 499 4071 Simoni
522 4015 793 4069 latronum
826 4014 1080 4084 principi,
1105 4029 1208 4071 nec
1232 4014 1553 4070 servitutem
1588 4017 1756 4085 ipsam
1790 4016 1885 4073 ha—

283 4110 422 4166 bere
448 4123 718 4175 securam,
752 4123 853 4164 nec
877 4108 1175 4178 periculum
1200 4122 1326 4163 cum
1356 4107 1621 4164 libertate.
1656 4108 1793 4177 Quid
1816 4111 1883 4165 ad

284 4208 409 4258 haec
433 4217 798 4272 responsuros
842 4210 1096 4272 putamus
1116 4244 1131 4270 ,
1165 4202 1257 4271 qui
1286 4201 1571 4270 elegerunt
1591 4202 1736 4258 bello
1764 4217 1884 4273 per-

284 4297 399 4362 ire,
442 4310 603 4365 quam
635 4295 873 4350 libertati
904 4294 1095 4364 patriae
1143 4294 1525 4363 supervivere?
1551 4294 1689 4361 Quid
1720 4296 1882 4351 etiam

284 4385 600 4443 Matathiam
647 4400 1035 4457 responsurum
1066 4385 1538 4442 Macchabaeorum
1569 4397 1882 4453 auctorem,

286 4481 383 4551 qui
411 4489 433 4517 θ
457 4479 627 4534 voluit
655 4479 1000 4535 observando
1023 4479 1195 4548 legem
1222 4478 1449 4533 sabbato
1478 4477 1699 4534 feriatus
1721 4479 1881 4548 mori,

285 4589 452 4644 quam
476 4574 751 4643 praeliatus
775 4572 1004 4627 vivere?
1029 4571 1086 4627 Si
1115 4571 1345 4627 audierit
1370 4571 1647 4641 quomodo
1670 4570 1880 4637 Simon,

1985 3364 2103 3420 Jam
2136 3363 2471 3419 tolerabilius
2497 3369 2553 3418 et
2576 3371 2966 3417 vestrasneces
2992 3368 3182 3431 specto
3194 3375 3331 3431 quas
3346 3361 3582 3431 refugie-

1987 3458 2133 3523 bum,
2166 3472 2236 3513 ne
2262 3465 2503 3526 spectem
2536 3444 2695 3511 neces
2720 3456 2773 3510 in
2797 3469 3085 3511 commune
3116 3455 3381 3521 omnium,
3414 3468 3482 3508 ne
3504 3455 3585 3510 vi—

1986 3550 2141 3604 deam
2214 3549 2402 3618 patriae
2448 3548 2663 3601 bustum
2710 3554 2766 3602 et
2813 3554 2977 3601 totam
3030 3543 3224 3601 urbem
3270 3546 3578 3616 sepulcrum

1987 3658 2199 3699 eorum.
2227 3641 2445 3699 Beatior
2474 3652 2675 3705 tamen,
2705 3641 2796 3711 qui
2823 3650 3071 3696 mortuus
3096 3638 3283 3707 fuerit,
3305 3655 3467 3711 quam
3490 3640 3585 3710 qui

1987 3746 2314 3797 reservatus.
2349 3737 2573 3793 Summe
2611 3735 2784 3798 Deus,
2815 3749 2886 3790 ne
2911 3734 3053 3789 inter
3087 3733 3431 3788 innoxiorum
3461 3744 3585 3803 gre-

1987 3848 2081 3903 ges
2104 3839 2381 3887 sternatur
2411 3828 2602 3884 Simon
2631 3842 2754 3882 outn
2784 3826 2973 3882 liberis
3001 3826 3146 3892 suis;
3176 3834 3385 3896 spectet
3413 3825 3586 3895 capti-

1986 3940 2086 3980 vus
2134 3937 2292 3993 quem
2324 3921 2506 3978 intulit
2539 3921 2742 3975 :immo
2772 3919 3025 3985 minime,
3050 3920 3296 3987 minime,
3324 3918 3580 3989 inquam;

1989 4034 2114 4074 nam
2145 4031 2309 4089 quem
2338 4022 2518 4086 potest
2540 4013 2783 4082 cogitare
2803 4054 2819 4079 ,
2861 4020 3042 4082 potest
3068 4011 3211 4067 ferre
3229 4053 3246 4080 ,
3274 4027 3375 4068 nec
3402 4019 3581 4068 tamen

1987 4126 2052 4166 ea
2075 4110 2366 4180 imprecor.
2391 4104 2715 4161 Consideret
2735 4118 2895 4174 quam
2918 4102 3122 4174 grande
3144 4103 3295 4158 nefas
3317 4103 3410 4169 sit,
3439 4103 3583 4171 quod

1989 4220 2095 4259 non
2142 4209 2325 4272 potest
2366 4198 2451 4254 vel
2495 4207 2624 4252 voto
2662 4204 2982 4266 retorquere
3021 4194 3116 4265 qui
3154 4195 3391 4265 patitur;
3421 4208 3581 4265 quam

1988 4295 2181 4352 acerba
2216 4293 2353 4348 ultio
2370 4334 2385 4358 ,
2411 4305 2573 4362 quam
2602 4303 2746 4345 saeva
2772 4288 3049 4344 commissi
3077 4287 3301 4343 sceleris
3330 4285 3584 4342 immani-

1992 4399 2094 4449 las.
2142 4386 2288 4457 quod
2320 4392 2474 4454 optat
2514 4382 2702 4453 patriae
2729 4380 2976 4450 captivus
3006 4388 3306 4449 superstes,
3328 4379 3458 4447 quia
3487 4392 3584 4448 pe-

1984 4485 2105 4556 jura
2133 4491 2263 4538 sunt
2290 4481 2416 4535 vita:
2443 4477 2674 4533 ludibria
2694 4517 2710 4542 ,
2735 4491 2898 4546 quam
2927 4475 3120 4529 mortis
3156 4472 3447 4543 supplicia.
3476 4470 3587 4528 Sed

1986 4575 2096 4646 jam
2112 4574 2236 4631 ﬁnis
2258 4572 2549 4628 verborum
2574 4568 2664 4624 sit.
2692 4566 2934 4633 Festina,
2953 4565 3222 4630 carnifex,
3239 4563 3368 4620 dum
3390 4577 3591 4621 cruen-

286 4683 399 4723 non
453 4666 628 4722 solum
674 4665 903 4721 sabbato
937 4663 1115 4719 caedes
1149 4662 1347 4718 civium
1382 4662 1691 4718 innumeras
1720 4662 1887 4731 agita-
1912 4646 1967 4707 Ῐ)
1996 4676 2165 4721 talum
2204 4662 2468 4733 sanguine
2505 4659 2741 4715 filiorum
2772 4656 3011 4729 gladium
3035 4656 3216 4726 geris;
3244 4663 3465 4726 percute
3491 4669 3590 4725 pa-

288 4759 464 4824 verit,
519 4758 614 4814 sed
664 4758 811 4828 ipsos
854 4757 1169 4813 sacerdotes
1221 4755 1468 4820 Domini,
1501 4753 1804 4810 neomeniis
1832 4765 1888 4810 et

285 4852 544 4908 omnibus
589 4853 793 4908 sanctis
824 4851 975 4907 festa:
1028 4848 1364 4906 celebritatis
1392 4847 1593 4903 'diebus
1636 4848 1889 4919 jugulare

286 4946 571 5017 coegerit?
611 4945 881 5012 Quantum
922 4941 1595 5015 ingemiscetlechonias,
1627 4957 1749 4997 cum
1793 4955 1890 4996 au-

287 5038 456 5096 dierit
477 5038 775 5101 Simonem,
803 5037 895 5106 qui
922 5035 1283 5090 seditionibus
1310 5033 1483 5105 primo
1514 5034 1701 5089 urbem
1729 5049 1887 5088 ever-

290 5135 457 5199 terit,
490 5131 639 5188 caade
682 5130 881 5187 civium
922 5131 1205 5187 violaverit
1245 5130 1428 5201 templi
1469 5139 1735 5186 vetustam
1768 5128 1893 5184 reli-

289 5231 542 5301 gionem,
582 5234 906 5283 conventum
940 5226 1126 5292 toties,
1162 5236 1217 5279 ut
1246 5226 1329 5280 sui
1369 5226 1670 5289 deditione,
1699 5222 1887 5278 urbem

287 5328 520 5378 exueret
557 5319 838 5385 incendio,
884 5318 1042 5372 malle
1085 5319 1267 5388 perire
1305 5318 1485 5373 omnia
1525 5316 1771 5379 excidio,
1802 5330 1890 5370 nr-

289 5416 442 5482 bem,
472 5416 729 5485 templum
759 5416 934 5477 exuri,
961 5414 1172 5483 plebem
1197 5421 1363 5468 totam
1397 5413 1661 5479 interﬁci,
1705 5428 1771 5466 ne
1801 5425 1892 5466 oc-

292 5517 510 5578 cupata:
565 5505 1223 5562 inclinet'dominntionis
1261 5504 1562 5576 fastigium!
1617 5504 1888 5572 Quantum

294 5602 572 5675 (inquam)
598 5602 809 5659 dolebit
845 5600 1163 5665 Jecbonias,
1198 5600 1325 5655 licet
1353 5608 1595 5668 tempore
1624 5599 1888 5663 malorum

378 5727 405 5757 υ
437 5719 576 5784 Quo.
611 5716 780 5772 ΒΑΜ.

373 5791 403 5830 b
437 5788 714 5859 Suscepta.
742 5788 818 5842 in.

382 5872 404 5901 ε
438 5858 839 5917 Decesserimus.
867 5858 940 5913 lo.

1998 4769 2133 4814 trem
2160 4799 2173 4823 ,
2208 4763 2269 4811 ut
2319 4753 2339 4791 ί
2381 4753 2561 4809 nullus
2604 4752 2907 4822 refrigeret.
2949 4749 3064 4807 Iloc
3102 4749 3278 4809 solum
3320 4747 3589 4805 morituro

1991 4848 2449 4905 medicamentum
2481 4850 2567 4899 est
2593 4860 2608 4908 ;
2638 4843 2741 4898 hoc
2770 4843 2889 4898 solo
2918 4855 3024 4899 non
3051 4841 3286 4896 sentitur
3310 4839 3449 4895 ictus
3471 4852 3589 4894 mu-

1991 4940 2210 5009 cronis,
2252 4939 2412 4995 dolor
2458 4936 2721 4992 vulneris.
2770 4935 3003 4991 Percute
3032 4932 3133 4989 sub
3157 4941 3455 5002 conspectu
3482 4929 3595 4986 Ro—

1994 5034 2141 5090 mani
2192 5032 2497 5094 exercitus,
2530 5021 2675 5085 sicut
2715 5027 3042 5098 imperatum
3086 5034 3203 5090 est,
3248 5032 3308 5081 ut
3341 5030 3595 5093 spectent

1996 5126 2341 5183 vindicaturi.
2373 5126 2695 5181 Misereatur
2716 5120 2911 5185 hostis,
2934 5121 3059 5191 quia
3087 5120 3271 5176 socius
3295 5133 3402 5174 non
3430 5118 3597 5174 mise-

1996 5230 2146 5275 retur
2171 5236 2183 5273 :
2208 5218 2456 5289 judicent
2483 5214 2748 5280 Romani,
2773 5213 2896 5284 quia
2925 5212 3111 5270 Simon
3138 5211 3340 5267 occidit
3366 5210 3485 5269 sine
3500 5209 3594 5279 ju-

1997 5314 2180 5371 dicio:
2217 5321 2382 5368 testes
2421 5319 2547 5365 sunt
2574 5310 2708 5379 ipsi,
2742 5323 2827 5361 me
2865 5321 2972 5363 non
3004 5305 3339 5375 proditorem
3374 5302 3592 5373 patriae,

1997 5411 2093 5467 sed
2121 5408 2468 5465 defensorem
2500 5404 2685 5471 fuisse,
2708 5402 2800 5473 qui
2833 5411 3157 5471 pugnantem
3188 5399 3458 5463 viderunt,
3483 5410 3595 5453 non

1997 5505 2365 5560 deserentem.
2398 5498 2612 5555 Liberis
2639 5511 2741 5566 ego
2769 5494 2927 5561 meis,
2959 5495 3004 5549 si
3034 5493 3354 5564 potuissem,
3383 5489 3595 5545 hostem

2003 5597 2358 5660 avertissem,
2387 5606 2495 5647 non
2526 5591 2739 5646 hostem
2773 5587 3129 5644 accersissem
3164 5594 3368 5651 :atque
3391 5582 3598 5637 utinam

2077 5710 2103 5749 ἀ
2137 5708 2356 5763 Nostra.
2389 5703 2556 5759 ΒΑΜ.

2083 5793 2105 5819 θ
2138 5777 2350 5835 Maluit.
2373 5775 2447 5830 In.

2086 5853 2102 5889 ί
2149 5853 2369 5922 iunius.
2408 5858 2461 5912 Ili
