3948 6318
133 324 300 381 9.169

1037 323 1308 383 HISTOR.
1351 324 1441 380 DE
1481 321 1762 381 EXCIDIO
1801 320 2075 380 HIEROS.
2121 320 2326 379 URBIS
2364 323 2493 382 LIB.
2539 324 2602 380 γ.

3328 326 3468 383 2170

132 439 258 494 mis
279 438 591 496 visceribus
618 438 928 506 infundant,
955 454 1130 509 eoque
1154 453 1278 494 cum
1304 438 1462 495 melle
1500 437 1769 506 permixto
1795 438 1851 500 Α
1877 438 2096 494 tentiam
2123 456 2134 492 :
2166 448 2224 493 ut
2249 440 2547 510 superioris
2567 438 2750 494 delicti
2801 438 3030 509 gratiam
3067 439 3289 509 faceret,
3321 451 3378 498 et
3407 459 3478 500 ne

137 541 468 602 temperent
511 533 801 587 humerum
835 541 1210 603 exasperatam
1237 532 1461 603 jejuniis
1493 532 1761 600 intempe-

137 627 429 691 rantiam,
467 634 524 680 et
568 625 930 682 defectionem
961 626 1243 695 corporis,
1279 626 1426 680 velut
1475 622 1760 678 infantiam

133 719 444 789 quamdam
479 719 730 774 molliore
760 719 882 774 cibo
915 717 1172 773 nutriant.
1201 718 1293 774 Sic
1331 731 1462 787 ergo
1512 715 1766 776 nonnulli

135 812 469 869 Iudaeorum
521 813 610 882 qui
644 813 710 867 ad
749 813 1028 868 Romanos
1076 811 1464 882 confugerant,
1512 819 1765 880 poterant

137 906 410 974 evadere,
455 906 693 976 quadam
740 916 857 961 arte
883 914 1179 977 pensantes
1221 903 1588 959 moderamina
1633 901 1763 968 cibi,

136 997 328 1054 donec
352 999 574 1054 desueta
606 999 803 1054 edendi
830 1013 980 1066 caro,
1022 997 1075 1054 in
1099 1013 1228 1053 suos
1257 997 1458 1053 rediret
1482 1011 1634 1052 usus.
1655 996 1766 1053 Nec

141 1090 257 1146 hoc
292 1101 470 1147 tamen
501 1091 705 1163 profuit
749 1092 966 1149 miseris
988 1133 1004 1160 ,
1038 1091 1133 1148 sed
1179 1106 1343 1146 causa
1376 1091 1599 1161 majoris
1640 1090 1761 1145 exi-

139 1186 203 1238 tii
255 1184 377 1240 fuit.
430 1185 566 1242 Nam
626 1201 749 1242 cum
810 1203 876 1242 ex
933 1187 1019 1243 his
1071 1187 1316 1256 plerique
1364 1196 1590 1256 accepto
1639 1185 1761 1241 cibo

145 1277 338 1332 alvum
370 1289 690 1350 purgarent,
739 1288 1058 1350 egesserant
1096 1279 1260 1350 aliqui
1289 1279 1538 1334 himones
1567 1293 1762 1334 aureos

145 1389 297 1444 quos
353 1375 794 1440 absorbuerant,
845 1390 967 1432 cum
1041 1375 1374 1430 adornarent
1416 1375 1641 1444 fugam:
1696 1389 1764 1428 ne

139 1467 452 1538 deprensi,
509 1469 634 1538 quia
691 1468 1038 1524 insidiatores
1099 1467 1281 1524 omnia
1344 1466 1761 1538 perscrutaban-

141 1570 283 1628 tur,
349 1576 456 1616 non
514 1564 691 1617 solum
739 1561 1074 1632 dispendio,
1131 1561 1228 1616 sed
1292 1561 1457 1615 etiam
1517 1559 1757 1628 periculo

140 1657 369 1711 forent:
459 1657 638 1712 scelus
709 1657 853 1711 enim
907 1655 1244 1721 ducebatur,
1313 1669 1500 1710 aurum
1565 1669 1754 1725 quem-

138 1762 310 1818 quam
355 1757 551 1819 praeter
599 1748 836 1804 latrones
892 1749 1115 1805 habere.
1179 1748 1293 1804 Hoc
1341 1750 1522 1818 itaque
1568 1757 1754 1819 postea

1871 541 2063 601 postea
2115 533 2576 599 committeretur,
2609 548 2825 603 poenam
2871 532 3238 601 denuntiaret,
3284 537 3478 593 veer

1869 642 2098 697 rumque
2125 627 2446 683 austeritate
2494 629 2730 698 graviori
2787 643 2915 684 suos
2976 638 3258 701 argueret,
3329 631 3474 702 quod

1873 734 2005 774 auro
2055 719 2317 775 succincti
2370 732 2423 775 et
2469 730 2726 791 argento,
2779 719 3141 792 pretiosisque
3215 721 3338 777 telis
3390 723 3474 777 ni-

1876 821 2070 879 tentes,
2115 827 2217 868 nec
2257 827 2404 866 arma
2433 825 2529 867 sua
2557 814 2962 877 erubescerent,
3001 823 3058 867 ut
3087 823 3239 868 tanto
3275 827 3334 869 se
3373 813 3474 870 dc-

1870 906 2069 963 decore
2118 905 2563 963 dehonestarent.
2615 909 2685 962 At
2735 922 2866 964 vero
2913 908 3080 979 Syros
3148 917 3202 962 et
3259 906 3473 964 Arabes

1869 1000 2173 1070 increpare,
2205 999 2348 1070 quod
2379 1001 2731 1055 immemores
2755 999 2984 1055 Romani
3014 1001 3283 1066 nominis,
3326 1000 3472 1056 dictu

1867 1106 2082 1161 quoque
2127 1091 2348 1147 horrida
2381 1091 2818 1162 excogitassent:
2849 1093 3067 1148 venisse
3095 1108 3190 1148 eos
3237 1093 3302 1148 ad
3342 1094 3473 1149 belli

1867 1188 2218 1258 societatem,
2296 1201 2404 1240 non
2466 1185 2534 1240 ad
2603 1187 2924 1241 exercitium
2993 1185 3341 1256 ﬂagitiorum.
3413 1188 3470 1242 In

1867 1280 2109 1335 exercitu
2148 1280 2392 1334 Romano
2457 1293 2566 1334 non
2624 1280 2802 1335 solum
2873 1281 3130 1336 virtutem
3182 1281 3466 1352 corporis,

1863 1372 1960 1428 sed
2015 1375 2178 1428 etiam
2221 1374 2419 1428 mentis
2465 1374 2718 1443 requiri:
2770 1389 2870 1429 nec
2917 1374 3294 1430 tantummodo
3352 1374 3461 1430 for-

1869 1466 2154 1522 titudinem
2203 1464 2258 1520 in
2304 1466 2553 1532 hostem,
2611 1465 2704 1521 sed
2763 1465 2926 1520 etiam
2979 1465 3286 1537 disciplina:
3342 1480 3472 1521 nor-

1867 1575 2008 1614 mam
2037 1560 2271 1628 spectari
2302 1577 2314 1612 :
2343 1575 2410 1614 ne
2439 1558 2706 1624 crudelis,
2739 1574 2805 1613 ne
2844 1559 3044 1628 impius
3069 1599 3084 1624 ,
3131 1572 3200 1613 ne
3228 1558 3471 1612 insolens

1866 1652 2027 1707 miles
2057 1652 2129 1706 sit
2161 1669 2173 1705 :
2205 1651 2300 1706 sed
2344 1667 2411 1706 ne
2440 1651 2638 1721 praedae
2685 1651 2864 1720 potius
2908 1665 3069 1719 quam
3113 1650 3356 1704 victoriae
3385 1649 3468 1703 in-

1868 1754 2071 1801 tentus.
2109 1746 2184 1800 Ea
2230 1748 2417 1816 gravia
2466 1745 2637 1800 videri
2688 1745 2893 1799 militiae
2940 1744 3141 1816 ﬂagitia
3193 1753 3249 1798 et
3296 1743 3471 1798 vindi-

139 1841 358 1907 Judaei,
401 1844 585 1913 specie
640 1842 936 1899 miserabili
998 1844 1136 1898 inter
1191 1841 1598 1912 inquinamenta
1649 1841 1755 1896 alvi
1788 1858 1833 1918 Β
1864 1841 1974 1893 cari
2033 1839 2314 1892 atrociter.
2371 1838 2517 1892 Inter
2562 1851 2713 1891 arma
2765 1850 2983 1907 quoque
3042 1837 3189 1905 leges
3238 1835 3465 1890 valere:

141 1952 342 1992 aurum
417 1937 686 2009 legebant.
746 1937 1024 2007 Comperit
1095 1937 1146 1992 id
1219 1936 1437 2007 quidam
1499 1945 1524 1973 α
1583 1937 1753 2006 Assy-

140 2029 262 2086 rius
291 2072 304 2096 ,
357 2039 412 2085 et
455 2031 524 2085 ab
553 2045 662 2086 uno
712 2031 764 2084 in
807 2046 998 2087 omnes
1047 2030 1235 2100 opinio
1285 2030 1541 2084 manavit.
1598 2026 1754 2096 Quod

141 2139 320 2194 genus
349 2123 628 2180 hominum
659 2139 901 2195 praeceps
924 2124 988 2178 ad
1013 2123 1318 2186 avaritiam,
1341 2130 1396 2176 et
1417 2132 1661 2191 paratum
1685 2118 1752 2173 ad

142 2218 465 2283 versutiam,
508 2226 566 2272 ut
596 2218 729 2273 nihil
759 2229 866 2272 tam
895 2228 1051 2272 atrox
1095 2217 1186 2282 sit,
1219 2215 1360 2286 quod
1396 2214 1644 2284 refugiat,
1673 2213 1756 2266 ni-

143 2309 222 2364 hil
249 2319 356 2364 tam
383 2319 556 2380 turpe,
587 2309 731 2381 quod
761 2309 1052 2364 erubescat
1084 2307 1264 2364 studio
1294 2306 1554 2376 pecuniae,
1585 2307 1622 2359 A
1649 2305 1754 2376 Sy-

143 2405 224 2460 ris
257 2406 310 2460 in
354 2405 562 2460 Arabas
588 2404 780 2460 diffusa
825 2403 962 2459 fama
993 2415 1098 2465 est,
1135 2403 1329 2473 quibus
1357 2410 1410 2456 et
1448 2416 1554 2454 non
1581 2401 1758 2454 minor

143 2499 392 2562 avaritia,
424 2507 477 2552 et
499 2497 686 2552 feritas
716 2496 1015 2551 barbaricae
1065 2495 1286 2566 propior
1313 2491 1656 2556 immanitati,
1690 2505 1756 2546 eo

142 2591 289 2664 quod
317 2592 436 2647 farti
466 2606 598 2647 auro
623 2591 796 2646 .Itltlmi
828 2589 1042 2645 forent:
1087 2588 1350 2657 diripiunt
1387 2599 1756 2656 quoscumque

143 2683 491 2740 offenderant
526 2684 900 2748 advenientes,
927 2691 1114 2737 contra
1144 2682 1243 2744 fas,
1271 2690 1459 2734 contra
1488 2678 1633 2748 leges
1661 2677 1756 2730 de-

144 2777 414 2843 ditionis,
469 2784 657 2832 contra
719 2775 1045 2847 promissum
1095 2774 1351 2837 Caesaris,
1382 2772 1525 2842 quod
1581 2769 1753 2824 occidi

146 2886 256 2926 non
338 2870 570 2926 licebat:
648 2869 893 2925 incidunt
956 2868 1132 2922 adhuc
1193 2867 1490 2930 viventes,
1560 2877 1756 2918 cruen-

145 2964 328 3034 tisque
375 2962 627 3020 manibus
673 2963 982 3018 eviscerant
1027 2960 1232 3016 ventris
1278 2967 1508 3014 secreta.
1561 2956 1753 3011 Alvum

145 3067 488 3124 scrutantur,
520 3067 576 3112 et
601 3058 741 3113 inter
763 3057 879 3128 ejus
900 3056 1168 3111 manantia
1195 3062 1542 3125 purgamenta
1565 3065 1754 3106 aurum

147 3150 457 3221 requirunt,
493 3166 602 3205 non
632 3153 812 3206 minus
853 3149 1080 3220 turpiter
1106 3163 1266 3219 quam
1298 3147 1376 3202 illi
1402 3161 1538 3218 quos
1573 3145 1757 3214 adige-

1864 1933 1970 1988 fide
1991 1933 2184 1989 melius
2207 1933 2345 1988 bella
2377 1932 2516 2002 geri,
2547 1948 2666 2000 quae
2685 1941 2937 1986 servetur
2983 1931 3145 1986 etiam
3197 1928 3465 1983 hostibus.

1860 2026 1914 2082 Si
1949 2042 2079 2096 ergo
2123 2036 2178 2081 et
2216 2026 2442 2080 armatis
2469 2025 2731 2088 debetur,
2767 2031 2974 2094 quanto
3015 2022 3188 2093 magis
3242 2035 3471 2090 precan-

1861 2123 2006 2176 tibus
2037 2121 2050 2174 !
2099 2119 2331 2175 Proinde
2380 2127 2648 2174 caverent
2676 2118 2746 2171 ah
2789 2115 3102 2186 hujusmodi
3133 2115 3375 2185 ﬂagitiis,
3402 2127 3470 2169 ne

1858 2225 1913 2270 et
1952 2215 2191 2271 victoriae
2215 2223 2502 2278 exsortes,
2557 2222 2612 2268 et
2652 2211 2842 2267 Salutis
2894 2210 3107 2265 fierent.
3172 2208 3356 2278 Neque
3409 2222 3471 2264 se

1859 2311 2059 2365 diutius
2085 2323 2390 2380 passurum,
2423 2315 2478 2360 ut
2507 2320 2694 2360 eorum
2723 2303 2952 2358 scelesta
2985 2302 3182 2373 ﬂagitia
3209 2299 3471 2356 Romanis

1859 2405 2284 2468 ascriberentur,
2315 2401 2406 2467 qui
2443 2400 2560 2470 plus
2587 2398 2764 2464 oneri,
2795 2412 2956 2466 quam
2983 2395 3100 2449 usui
3130 2393 3327 2449 forent.
3361 2393 3469 2448 Ita-

1857 2513 1963 2568 que
2009 2497 2268 2566 repressit
2297 2494 2722 2563 aliquantulum,
2756 2508 2860 2545 non
2905 2489 3156 2544 exsecuit
3186 2487 3465 2544 avaritiam

1859 2589 2149 2660 Syrorum,
2185 2595 2243 2640 ut
2289 2585 2550 2641 arbitrum
2583 2583 2865 2653 fugerent,
2894 2596 3003 2636 non
3047 2590 3104 2636 ut
3133 2589 3465 2650 praeceptum

1859 2684 2128 2737 foverent.
2174 2680 2415 2750 Denique
2458 2680 2736 2746 explorato
2782 2676 2930 2744 prius
2975 2673 3023 2728 si
3066 2672 3206 2727 forte
3237 2669 3468 2726 Romani

1859 2775 2047 2830 militis
2088 2774 2306 2829 deesset
2348 2769 2658 2840 praesentia,
2691 2767 2757 2822 de
2799 2767 3123 2822 miserorum
3166 2763 3470 2818 visceribus

1857 2866 2190 2924 exsecrabile
2218 2865 2425 2920 lucrum
2455 2861 2851 2933 proferebatur,
2879 2873 2976 2913 nec
3003 2868 3179 2912 tamen
3212 2855 3266 2910 in
3292 2854 3470 2909 omni-

1858 2961 1958 3017 bus
1990 2959 2317 3029 sequebatur
2356 2955 2518 3010 etiam
2563 2953 2758 3022 praedae
2795 2958 3024 3006 eventus
3049 2989 3066 3016 ,
3115 2949 3210 3004 sed
3253 2947 3306 3002 in
3335 2961 3468 3016 pau-

1857 3055 1935 3110 cis
1963 3095 1977 3121 ,
2011 3067 2119 3124 quo
2146 3051 2423 3106 crudelior
2448 3047 2638 3103 feritas
2673 3064 2684 3099 :
2737 3045 2864 3116 quia
2895 3060 3002 3098 non
3034 3043 3209 3098 solum
3246 3052 3470 3113 propter

1857 3164 1990 3219 opes
2013 3188 2028 3213 ,
2072 3146 2166 3202 sed
2195 3145 2357 3200 etiam
2405 3151 2628 3213 propter
2649 3155 2801 3208 Spem
2830 3139 2964 3194 lucri
3012 3137 3230 3209 plurimi
3259 3136 3467 3190 exstin-

149 3244 242 3297 bat
283 3240 488 3297 fames:
539 3243 760 3312 insuper
803 3243 964 3296 etiam
1017 3255 1160 3295 saeva
1198 3238 1536 3294 crudelitate.
1591 3237 1749 3291 Multa
1780 3240 1824 3303 C
1857 3242 2161 3313 guebantur
2186 3257 2198 3292 :
2228 3253 2349 3293 cum
2383 3237 2622 3290 latrones
2655 3233 2777 3304 ipsi,
2807 3243 2860 3287 et
2886 3232 3141 3286 smviores
3172 3230 3356 3299 piratae
3383 3227 3462 3281 la-

143 3335 340 3389 acerba
377 3347 440 3388 eo
467 3335 756 3389 commissa
788 3333 998 3403 praelia,
1032 3333 1165 3386 nihil
1210 3332 1312 3386 hoc
1341 3345 1446 3386 uno
1477 3329 1748 3385 acerbius.

147 3428 390 3497 Denique
433 3443 535 3480 una
576 3435 734 3482 nocte
763 3425 870 3480 duo
900 3426 1068 3480 millia
1106 3424 1219 3480 fere
1249 3426 1486 3478 virorum
1525 3422 1752 3476 discissa

143 3527 276 3574 sunt
306 3519 399 3573 tali
427 3518 651 3589 ﬂagitio,
677 3519 978 3588 divisisque
1005 3516 1330 3583 visceribus,
1361 3525 1599 3586 quaestus
1625 3528 1752 3567 suos

142 3612 300 3684 Syria
331 3613 698 3669 numerabat:
755 3613 953 3668 Arabia
1001 3609 1384 3682 negotiationis
1436 3607 1755 3664 recensebat

141 3704 534 3767 emolumenta,
582 3719 702 3773 quae
745 3704 865 3757 sine
915 3701 1244 3758 transfretati
1292 3701 1458 3756 maris
1498 3697 1754 3770 periculis

141 3810 284 3850 novo
313 3795 654 3851 crudelitatis
676 3805 989 3850 commento
1015 3796 1066 3848 in
1098 3810 1252 3850 nsum
1286 3794 1422 3850 lucri
1452 3801 1750 3858 verterant,

141 3897 203 3942 et
232 3902 467 3943 mercem
495 3887 773 3958 putabant.
805 3886 959 3954 Quod
993 3887 1156 3941 etiam
1189 3901 1332 3940 nunc
1359 3887 1410 3939 in
1439 3882 1750 3952 hujusmodi

149 3980 430 4035 hominum
461 3995 660 4052 genere
689 3983 952 4049 reperias,
982 3990 1034 4034 et
1065 3979 1337 4034 nonnullis
1366 3992 1512 4048 saepe
1546 3975 1752 4047 IEgyp-

141 4074 366 4140 tiorum,
401 4082 456 4126 ut
487 4072 742 4128 curandis
775 4071 1054 4128 funeribus
1081 4071 1426 4142 negotientur
1446 4110 1462 4136 ,
1488 4077 1545 4123 et
1573 4067 1750 4122 officia

141 4165 497 4222 humanitatis
535 4167 770 4222 vendant
804 4177 1121 4221 mercaturae
1149 4163 1507 4234 compendiis.
1557 4162 1750 4216 Misera

139 4257 313 4313 fames
359 4257 510 4322 auri;
561 4258 698 4313 nihil
741 4257 1074 4328 sequendum
1121 4263 1304 4327 putat,
1351 4255 1453 4310 nisi
1496 4254 1640 4326 quod
1684 4253 1750 4308 ad

141 4366 384 4423 praesens
432 4353 750 4407 lucrosum:
801 4351 931 4408 nihil
964 4353 1273 4416 honestum,
1320 4349 1461 4420 quod
1508 4349 1752 4420 pecuniae

142 4462 394 4501 vacuum.
433 4447 756 4516 Gravisjam
787 4445 1015 4512 dudum,
1045 4446 1226 4518 gravis
1253 4443 1474 4500 inolevit
1499 4441 1752 4497 humanis

140 4540 432 4596 affectibus
480 4541 760 4610 quaerendi
792 4539 990 4610 cupido
1015 4581 1031 4606 ,
1065 4549 1120 4594 et
1149 4548 1455 4593 mercatura
1484 4536 1624 4590 facta
1666 4544 1750 4592 est

1860 3335 2132 3400 tronibus,
2173 3349 2202 3387 a
2247 3331 2531 3387 latrocinio
2571 3337 2894 3397 temperent,
2941 3328 3028 3382 ubi
3073 3324 3308 3395 praedam
3355 3337 3460 3378 non

1855 3438 2162 3486 senserant.
2189 3427 2374 3483 Solius
2423 3426 2567 3480 enim
2611 3423 2912 3478 barbaricae
2960 3420 3318 3475 immanitatis
3358 3427 3464 3483 est,

1854 3525 2022 3595 gratis
2066 3538 2285 3578 nocere.
2335 3521 2468 3576 Nam
2519 3529 2576 3574 et
2617 3519 2747 3588 ipsa:
2807 3520 2967 3581 ferae,
3017 3525 3071 3569 ut
3111 3512 3462 3578 interficiant,

1857 3617 2092 3688 praedam
2122 3626 2438 3686 sequuntur.
2476 3613 2628 3670 Foris
2653 3614 2834 3683 itaque
2858 3625 3032 3682 paena:
3055 3609 3288 3672 acerbae,
3318 3609 3461 3662 intus

1857 3710 2149 3766 immanior
2173 3709 2433 3765 Joannes.

2432 3799 2662 3857 CAPUT
2703 3798 2872 3853 XXV.

1928 3898 2170 3967 Denique
2201 3911 2321 3951 cum
2353 3895 2478 3949 talia
2504 3900 2831 3964 gererentur
2850 3905 2880 3944 a
2909 3889 3084 3960 Syris,
3106 3887 3321 3943 etiamsi
3342 3887 3464 3942 aliis

1854 3990 1948 4061 qui
1985 3997 2390 4050 revocarentur,
2423 3985 2624 4040 indicio
2652 3991 2956 4052 comperto,
3003 3980 3344 4048 transfugere
3376 3987 3459 4032 ta-

1855 4097 1978 4138 men
2010 4081 2098 4134 alii
2131 4093 2238 4134 non
2269 4077 2612 4134 desinebant.
2640 4076 2788 4130 Inter
2809 4089 2946 4144 quos
2976 4073 3242 4126 Manneus
3271 4070 3460 4125 Lazari

1855 4177 1944 4246 qui
1977 4171 2255 4228 asserebat
2277 4187 2373 4242 per
2402 4185 2561 4225 unam
2586 4177 2796 4239 portam
2825 4167 2928 4221 sibi
2951 4165 3211 4222 creditam
3238 4171 3460 4220 centum

1853 4269 2162 4340 quindecim
2210 4267 2376 4322 millia
2427 4275 2761 4320 mortuorum
2808 4261 2973 4324 elata,
3021 4259 3224 4314 additis
3279 4256 3460 4313 adhuc

1853 4361 2180 4432 octingentis
2211 4359 2480 4428 octoginta
2511 4357 2808 4417 funeribus,
2841 4354 2982 4423 quod
3016 4353 3132 4422 ipse
3162 4352 3345 4407 tuendi
3379 4353 3461 4406 vi-

1853 4471 1972 4512 cem
2006 4453 2314 4525 hujnsmodi
2357 4452 2653 4519 recepisset
2695 4447 2938 4503 muneris
2968 4464 2982 4500 :
3019 4446 3182 4517 idque
3210 4446 3329 4499 solo
3368 4461 3460 4498 eo-

1853 4566 1972 4605 rum
2008 4563 2234 4604 numero
2257 4547 2570 4612 collectum,
2609 4544 2699 4613 qui
2740 4559 2804 4598 ex
2841 4541 3096 4596 mercede
3130 4539 3341 4609 publica
3374 4555 3460 4594 se-

139 4635 247 4690 vita
280 4633 599 4688 hominum:
634 4649 776 4691 veno
797 4643 853 4689 et
874 4641 1059 4704 empto
1076 4633 1289 4688 vivitur.
1321 4630 1530 4699 Serpsit
1569 4631 1749 4700 itaque
1773 4619 1827 4680 D
1855 4644 1990 4714 pum
2037 4643 2235 4704 forem,
2275 4651 2471 4709 ιπωιρι-
2511 4654 2608 4694 ροε
2652 4653 2788 4708 quos
2825 4635 3154 4706 sepelierunt
3191 4634 3296 4688 sui.
3325 4633 3458 4701 Qum

138 4728 329 4781 vitium
361 4727 412 4780 in
443 4727 786 4794 innumeros;
814 4736 872 4783 ut
895 4727 1005 4798 jam
1037 4726 1370 4782 tolerabilior
1394 4725 1748 4779 commutatio

137 4820 404 4874 mercium
426 4823 523 4886 sit,
556 4835 718 4889 quam
742 4836 952 4875 morum
975 4821 1408 4888 animorumque.
1435 4817 1624 4872 Infecit
1651 4815 1754 4886 Syo

137 4928 321 4967 rorum
339 4911 564 4967 avaritia
580 4913 741 4968 etiam
756 4913 1058 4968 Romanum
1082 4914 1406 4970 exercitum.
1434 4911 1577 4967 Nihil
1603 4910 1747 4967 enim

137 5002 354 5060 facilius
378 5005 430 5059 in
461 5005 691 5061 alterum
723 5006 938 5073 transit,
983 5022 1144 5078 quam
1181 5022 1337 5061 amor
1374 5003 1623 5077 pecuniae.
1650 5043 1666 5068 ,
1695 5011 1752 5058 et

136 5099 473 5154 disiderium
494 5098 726 5157 habendi
749 5119 764 5156 :
787 5100 1088 5170 praesertim
1111 5101 1366 5157 finitimas
1379 5115 1532 5169 epes,
1551 5097 1748 5170 quibus

136 5193 352 5247 vicinus
374 5192 767 5248 ahundaverat.
801 5193 914 5250 Nec
937 5205 1019 5250 est
1049 5194 1152 5250 ulla
1180 5195 1386 5265 passio,
1419 5208 1539 5264 quae
1577 5194 1748 5263 magis

135 5285 394 5339 virtutem
419 5285 585 5340 animi
609 5285 906 5352 effeminet,
930 5302 1092 5357 quam
1118 5287 1384 5357 cupiditas
1409 5285 1742 5340 divitiarum.

136 5376 383 5446 Denique
427 5380 663 5432 versutia
704 5377 847 5433 laudi
877 5377 1037 5434 datur
1059 5419 1073 5444 ,
1107 5386 1393 5448 paupertas
1418 5378 1617 5447 probro
1654 5379 1748 5433 ha-

135 5471 316 5526 betur.
351 5469 640 5543 [inpedivit
668 5473 770 5528 hoc
802 5472 1052 5528 vindicta:
1095 5470 1441 5526 severitatem
1463 5510 1479 5537 ,
1511 5471 1636 5540 quia
1665 5472 1747 5526 in-

137 5565 348 5620 numeri
381 5565 584 5635 reperti
615 5573 768 5620 tanto
808 5563 976 5620 furori
1022 5564 1282 5620 obnoxii:
1314 5562 1548 5634 ideoque
1592 5563 1745 5619 Titus

135 5657 228 5727 qui
251 5657 456 5713 vallare
479 5656 816 5712 circumfuso
837 5657 1088 5713 exercitu
1111 5655 1284 5728 Syros
1310 5665 1364 5711 et
1385 5654 1592 5711 Arabes
1622 5671 1746 5724 pro-

136 5758 412 5819 posuerat,
443 5747 910 5819 contemplatione
933 5746 1297 5804 multitudinis
1325 5748 1602 5803 revocavit
1620 5762 1746 5804 seu-

1851 4744 2031 4790 autem
2057 4733 2302 4804 sepulcra
2326 4773 2340 4797 ,
2364 4731 2465 4786 nisi
2491 4740 2548 4785 ut
2577 4729 2645 4784 de
2679 4743 2834 4783 muro
2865 4727 3127 4783 cadavera
3151 4725 3461 4795 dejiceren-

1854 4830 1977 4881 tur?
2015 4825 2145 4881 Post
2171 4825 2348 4895 ipsum
2381 4823 2624 4892 plerique
2655 4838 2760 4876 non
2806 4820 3072 4891 ignobiles
3115 4819 3238 4881 viri,
3270 4819 3461 4873 confu-

1851 4920 2064 4989 gientes
2091 4916 2158 4971 ad
2187 4915 2401 4980 Titum;
2433 4927 2687 4968 sexcenta
2720 4915 2888 4969 millia
2925 4912 3305 4967 defunctorum
3332 4910 3462 4965 fuis-

1853 5027 1933 5076 se,
1962 5027 2084 5082 quae
2114 5025 2211 5081 per
2237 5019 2418 5079 portas
2436 5009 2576 5062 elata
2603 5017 2880 5062 numerata
2905 5006 3033 5072 sint,
3060 5021 3459 5061 commemora-

1853 5104 2002 5160 bant.
2049 5103 2245 5158 Eorum
2279 5115 2410 5156 vero
2448 5101 2772 5154 cadaverum
2799 5115 2918 5168 qua:
2947 5109 3168 5170 propter
3193 5098 3458 5154 infinitam

1857 5212 2154 5267 pauperum
2189 5195 2590 5250 multitudinem
2614 5194 2793 5249 efferri
2827 5195 3196 5262 nequiverint,
3222 5202 3382 5264 atque
3407 5195 3460 5248 in

1853 5289 2105 5343 maximis
2157 5287 2409 5343 domibus
2467 5286 2920 5356 diversornmque
2981 5300 3207 5354 Opernm
3271 5286 3462 5356 spatiis

1849 5382 2154 5452 constipata
2193 5381 2321 5442 sint,
2357 5395 2640 5435 immerum
2676 5379 2842 5433 fuisse
2885 5378 3344 5432 inaestimabilem.
3393 5376 3458 5430 Et

1849 5475 2028 5530 adhuc
2057 5486 2173 5529 erat
2201 5488 2489 5542 processus
2518 5471 2805 5534 malorum,
2841 5485 2960 5541 quae
2985 5473 3092 5538 jam
3115 5469 3456 5536 superiorum

1851 5567 2093 5623 omnium
2123 5567 2281 5621 finem
2304 5565 2565 5621 vicerant.
2596 5565 2788 5620 Adhuc
2820 5578 2961 5619 saeva
2989 5562 3224 5626 obsidio,
3249 5561 3450 5615 bellum

1849 5675 2048 5733 grave:
2075 5658 2368 5728 majoribus
2385 5657 2496 5728 jam
2523 5667 2700 5714 tamen
2723 5656 3031 5712 Judaeorum
3053 5653 3272 5720 animis,
3295 5666 3453 5723 quam

1853 5752 2080 5808 viribus.
2114 5751 2289 5822 Super
2317 5749 2497 5804 omnia
2527 5763 2660 5804 vero
2689 5749 2861 5804 fames
2903 5746 3114 5812 tetrior,
3161 5759 3286 5814 quae
3327 5742 3465 5799 insi-

210 5853 234 5880 ⁸
275 5843 318 5900 E
348 5843 520 5914 Syris.
554 5843 691 5900 Vide
718 5841 1038 5914 Josephum,
1067 5843 1133 5898 de
1162 5841 1294 5897 Bell.
1329 5839 1458 5896 Iud.
1497 5841 1592 5898 lib.
1623 5858 1694 5909 vi,
1725 5859 1848 5920 cap.
1879 5845 1964 5900 t5.
1997 5845 2164 5900 ΒΑιιιι.
