3948 6320
516 290 656 348 Et?!

1841 303 2086 360 SANCTI
2128 306 2453 369 AMBROSII

3690 337 3833 393 217i

515 406 757 465 diaretur
781 408 1042 520 iumentis
1081 410 1258 467 alvum
1301 414 1675 520 purgantibus,
1715 426 1770 471 et
1801 406 2109 473 vetustari-
2135 421 2190 481 Δ
2220 433 2300 483 tes
2321 427 2539 485 videbat
2559 434 2639 488 rei
2659 434 3378 504 difﬁcultate,validissimos
3398 462 3654 520 quosque
3674 455 3830 519 juxta

522 512 761 556 litaretur
789 502 952 559 boum
979 514 1217 560 stercora
1247 524 1261 560 :
1291 517 1346 561 nt
1368 507 1511 577 quod
1541 509 1654 565 visu
1678 521 1795 564 erat
1829 512 2112 579 horribile,

517 595 620 651 hoc
647 595 797 652 fieret
825 613 951 654 esca
978 600 1368 656 esurientibus.
1394 602 1713 662 Miserabilis
1729 607 2012 676 congeries
2038 607 2120 661 in-

513 689 849 760 sepultorum
891 705 1203 762 corporum,
1236 702 1292 749 et
1328 696 1556 750 circuitu
1603 697 1765 769 longe
1813 711 1954 754 terra
2005 700 2118 769 ipsa

516 792 657 837 tecta
683 783 1059 852 cadaveribus,
1083 786 1286 858 repleta
1314 797 1438 844 ante
1463 805 1647 846 muros
1676 793 1879 857 omnia,
1905 793 2118 848 terribi-

517 875 584 931 lis
626 877 871 947 species,
907 878 1103 937 horror
1126 881 1329 950 gravis,
1376 884 1513 939 odor
1551 886 1842 955 pestilens;
1889 887 1983 957 qui
2019 901 2118 942 nec

518 967 774 1033 victores.
807 985 908 1026 nec
936 973 1104 1028 victos
1135 973 1514 1032 discerneret:
1560 977 1801 1049 utrisque
1828 979 1989 1034 simul
2020 993 2119 1034 no-

518 1061 659 1129 xius,
688 1072 742 1119 et
766 1064 970 1136 majore
996 1066 1253 1123 Romanis
1277 1069 1684 1140 impedimento,
1712 1072 1907 1142 quibus
1930 1087 2119 1128 neces-

517 1166 579 1209 se
608 1166 725 1211 erat
758 1155 1006 1227 jacentes
1035 1159 1293 1231 reliquias
1322 1171 1603 1217 cruentato
1641 1175 1920 1233 proterere
1951 1165 2115 1219 vesti-

516 1245 648 1316 gio:
684 1258 824 1304 terra
867 1251 1036 1320 ipsius
1065 1250 1264 1308 inculta
1287 1295 1302 1321 ,
1336 1255 1558 1311 succisis
1600 1257 1851 1313 omnibus
1888 1274 2010 1327 qua:
2049 1257 2116 1313 ad

519 1354 675 1395 usum
708 1343 896 1399 militis
924 1355 981 1400 et
1006 1344 1377 1402 machinarum
1412 1351 1720 1406 necessario
1746 1350 2117 1407 conveheren-

517 1444 625 1490 tur.
669 1436 774 1493 Per
805 1439 1061 1494 tredecim
1110 1439 1282 1497 ferme
1325 1443 1378 1496 in
1428 1444 1658 1499 circuitu
1691 1445 1838 1500 urbis
1868 1445 2114 1500 milliaria

522 1529 682 1601 longe
720 1530 936 1600 lateque
967 1542 1171 1588 vastata
1203 1534 1399 1590 humus
1422 1575 1439 1604 ,
1470 1546 1523 1592 et
1554 1535 1752 1592 nudum
1782 1537 2114 1607 gignentium

518 1622 714 1678 solum.
739 1624 913 1680 Omne
956 1624 1088 1680 illud
1122 1626 1446 1697 pomarium,
1479 1628 1530 1685 itt
1572 1643 1681 1699 quo
1724 1639 1849 1684 ante
1896 1643 2117 1684 nemora

518 1715 824 1779 viridantia,
861 1715 1003 1773 horti
1038 1718 1342 1775 inhalantes
1389 1719 1636 1781 floribus.
1683 1721 1893 1776 diversa
1932 1736 2115 1790 poma-

515 1808 617 1871 ria,
650 1809 955 1865 suburbana
989 1812 1189 1881 praedia
1215 1824 1423 1884 gratam
1448 1815 1532 1869 sui
1562 1816 1797 1885 speciem
1822 1815 2042 1881 dabant,
2070 1816 2114 1871 si

517 1902 638 1969 quis
671 1910 857 1969 postea
882 1902 1014 1959 vidit
1047 1904 1264 1976 hospes,
1298 1906 1598 1976 ingemuit:
1626 1907 1799 1962 incola
1827 1921 1934 1961 non
1967 1921 2113 1962 reco-
2149 1885 2197 1945 Β

518 1994 726 2063 gnovit,
758 2007 813 2052 et
841 1996 909 2052 ad
941 2000 1227 2068 genitalem
1265 2015 1547 2071 regreSSus
1575 2002 1753 2057 locum
1774 2039 1791 2067 ,
1822 2016 1943 2056 cum
1979 2016 2120 2072 pne-

522 2101 651 2142 eens
680 2089 917 2158 adesset,
949 2093 1174 2162 patriam
1204 2094 1499 2163 quaerebat.

1094 2182 1322 2242 CAPUT
1363 2184 1550 2241 XXVI.

594 2274 887 2346 Reparatis
935 2277 1117 2348 itaque
1160 2281 1447 2350 aggeribus
1473 2291 1528 2337 et
1557 2282 1733 2337 vineis
1754 2324 1769 2350 ,
1791 2282 2120 2353 ueterisque

524 2371 793 2427 machinis
850 2374 1196 2442 obsidionis,
1255 2385 1555 2432 renovatus
1609 2388 1695 2433 est
1758 2378 1883 2434 belli
1929 2382 2115 2445 furor;

522 2463 675 2533 quasi
715 2465 781 2519 ad
805 2475 1107 2522 extremam
1145 2469 1331 2538 operis
1358 2484 1576 2524 manum
1616 2471 1890 2541 utrimque
1925 2471 2120 2526 studiis

522 2557 918 2628 conspiratum.
952 2562 1145 2618 Totins
1194 2563 1339 2617 enim
1380 2563 1620 2632 periculo
1662 2564 1979 2619 certaminis
2024 2563 2122 2619 de-

521 2650 867 2717 cernebatur;
892 2655 1020 2724 quia
1048 2660 1105 2709 et
1130 2654 1390 2710 Romanis
1419 2655 1678 2712 solvenda
1709 2657 1925 2712 obsidio
1953 2657 2117 2725 foret,

520 2744 566 2799 si
598 2758 825 2815 aggeres
866 2757 920 2802 et
946 2749 1148 2805 arietes
1189 2750 1631 2817 incenderentur,
1663 2751 1859 2822 quibus
1886 2766 1982 2823 per
2004 2752 2119 2806 ino-

526 2839 668 2908 piam
699 2840 959 2895 silvarum
1007 2843 1374 2912 reparationis
1412 2844 1653 2901 subsidia
1709 2860 1813 2899 non
1865 2855 2122 2915 suppete—

528 2931 697 2987 bant:
748 2941 805 2988 et
840 2933 1044 2990 Jttdmis
1093 2938 1371 2992 excidium
1404 2941 1591 3008 patria:
1636 2939 2022 3006 incumberet,
2073 2941 2117 2996 si

528 3040 689 3081 manu
745 3028 1033 3095 cederent,
1076 3044 1199 3086 cum
1233 3041 1486 3100 quassata
1531 3049 1811 3088 murorum
1872 3035 2120 3104 repetitis

524 3119 752 3174 arietum
780 3122 977 3177 ictibus
1017 3123 1440 3180 resolverentur.
1461 3126 1785 3181 Processere
1814 3127 1996 3197 itaque
2021 3127 2113 3182 Ju-

524 3210 773 3268 daeicnm
801 3213 1009 3270 facibus
1044 3215 1179 3272 adeo
1211 3216 1456 3283 feroces;
1492 3228 1550 3273 ut
1581 3228 1853 3286 tamquam
1889 3234 2118 3275 cessure

524 3306 625 3359 sibi
655 3305 897 3362 Romano
939 3310 1204 3377 exercitu,
1249 3310 1497 3366 incendia
1532 3310 1589 3367 in
1641 3313 1921 3367 machinas
1966 3327 2120 3383 spar-

526 3407 747 3466 gerent,
803 3398 1141 3455 obsidionem
1184 3403 1483 3459 solverent.
1524 3403 1631 3460 Sed
1676 3405 1959 3462 exhaustas
2004 3405 2117 3476 jam

527 3492 670 3545 vires
699 3493 837 3547 fame
860 3503 916 3549 et
941 3510 1029 3550 res
1050 3499 1253 3561 fractae,
1280 3498 1492 3563 priores
1510 3513 1802 3554 successus
1820 3514 2117 3569 negat-nm;

526 3584 831 3639 substantia
861 3584 1157 3652 defecerat,
1191 3588 1417 3643 audacia
1443 3590 1718 3644 manebat.
1753 3589 1979 3665 Contra,
2012 3589 2121 3644 Ro-

529 3678 704 3733 manis
751 3680 925 3750 major
957 3683 1150 3749 pudor,
1203 3684 1246 3737 si
1291 3684 1359 3737 ab
1386 3683 1470 3738 Itis
1507 3684 1596 3754 qui
1642 3691 1948 3739 extremum
1978 3683 2124 3738 fante

527 3773 775 3839 spiritum
822 3773 1146 3841 traherent,
1178 3776 1406 3832 victoria
1444 3777 1512 3832 de
1562 3778 1809 3833 manibus
1853 3777 2124 3846 diripere-

533 3872 643 3920 tnr.
672 3866 940 3922 Conserto
967 3868 1147 3938 itaque
1188 3871 1395 3940 praelia,
1428 3872 1633 3941 repulsi
1665 3871 1941 3942 principes
1971 3871 2122 3926 sedi-

533 3958 720 4026 tionis,
750 3959 816 4014 ad
848 3976 1128 4016 murorum
1155 3963 1395 4019 subsidia
1443 3965 1592 4019 bello
1646 3967 1885 4037 impares
1935 3980 2124 4023 recur-

527 4062 734 4108 rernnt.
763 4053 870 4107 Sed
900 4054 993 4109 ubi
1046 4055 1208 4109 dubia
1259 4072 1537 4111 murorttnt
1568 4067 1595 4096 ιι
1626 4073 1836 4115 cursura
1874 4061 2125 4130 repetitis

529 4144 759 4211 ictibus,
790 4143 1031 4202 Joannes
1065 4147 1207 4201 haud
1256 4148 1563 4204 incuriosus
1597 4153 1840 4206 extremi
1872 4152 2122 4220 subsidii,

526 4237 954 4306 circumspexit:
1033 4238 1348 4295 interiorem
1394 4256 1608 4296 murum
1664 4244 1819 4312 quasi
1873 4244 1927 4298 in
1967 4244 2007 4300 C
2039 4244 2124 4300 lit-

535 4337 706 4385 teram
763 4329 938 4387 duxit.
989 4332 1214 4387 Postero
1265 4334 1447 4404 itaque
1493 4335 1582 4390 die
1644 4337 1908 4394 convolsa
1958 4350 2112 4408 parte

537 4422 740 4478 murali
760 4464 775 4489 ,
829 4424 1011 4496 fragor
1050 4425 1281 4481 labentis
1306 4425 1337 4465 ι)
1365 4427 1646 4497 beneﬁcii,
1679 4437 1737 4485 et
1781 4430 1989 4486 clamor
2017 4432 2127 4487 Bo-

530 4518 673 4572 matti
704 4518 975 4575 exercitus
1006 4520 1167 4575 simul
1208 4521 1512 4592 increpuit,
1535 4525 1689 4594 quasi
1736 4533 1946 4595 patrato
1967 4526 2126 4583 exci-

2220 537 2281 578 se
2305 541 2666 598 congregans,
2704 532 2754 587 in
2797 534 2996 589 bellum
3033 540 3368 597 accendebat
3403 543 3496 598 tali
3522 548 3782 603 oratione
3812 569 3827 603 :

2778 625 3003 683 CAPUT
3032 628 3246 686 XXVII.

2240 762 2244 769 ,
2289 708 2542 767 Omnium
2567 729 2745 770 rerum
2765 719 2941 773 exitus
2965 722 3084 791 plus
3110 726 3334 794 negotii,
3361 743 3524 799 quam
3554 732 3827 803 principia

2220 803 2445 870 habere,
2502 808 2633 862 nulli
2668 810 2998 881 incognitum
3030 825 3135 885 est,
3171 816 3451 876 fortissimi
3484 826 3829 882 commilito-

2221 913 2319 954 nes
2343 942 2356 965 ,
2387 901 2510 971 quia
2563 908 2961 963 consummatio
3000 914 3237 982 suscepti
3268 916 3511 972 muneris
3555 920 3826 989 majorem

2219 997 2415 1063 qua-rit
2461 997 2739 1056 laborem:
2785 1003 3054 1071 siquidem
3090 1014 3202 1062 toto
3246 1008 3419 1064 libera
3473 1014 3610 1067 mari
3648 1015 3830 1070 currit

2220 1089 2395 1153 navis,
2420 1091 2518 1145 etsi
2563 1106 2668 1145 non
2715 1108 2935 1165 semper
2961 1111 2991 1151 a
3024 1113 3202 1169 puppe
3253 1116 3541 1157 ventorum
3574 1105 3827 1174 aSpirent

2220 1181 2459 1246 ﬂamina,
2512 1184 2842 1253 gubernator
2871 1195 3049 1244 tamen
3083 1191 3329 1261 obliquat
3351 1195 3598 1250 velorum
3630 1198 3824 1264 sinus,

2220 1283 2275 1329 et
2290 1276 2407 1329 sine
2437 1276 2672 1348 refragio
2700 1280 2966 1336 scinditur
2993 1282 3210 1339 fretum.
3246 1285 3353 1342 Sed
3385 1287 3478 1343 ubi
3501 1288 3567 1343 ad
3600 1300 3823 1360 portum

2221 1368 2456 1439 venitur,
2511 1380 2815 1439 opportuna
2846 1388 3101 1429 aurarum
3154 1380 3450 1449 temperies
3505 1384 3822 1450 necessaria

2220 1470 2324 1528 est,
2357 1469 2413 1516 et
2461 1474 2689 1534 angusto
2722 1465 3000 1537 ingressus
3046 1469 3260 1525 navium
3306 1482 3593 1528 coercetur
3623 1476 3817 1530 limite.

2221 1554 2393 1623 Major
2427 1555 2607 1624 itaque
2639 1559 2864 1626 periculi
2889 1574 3039 1626 cura,
3068 1561 3155 1617 ubi
3187 1578 3313 1632 Spes
3337 1564 3661 1637 protiinqua;
3688 1568 3827 1623 ardi-

2224 1651 2509 1708 licantibns
2562 1669 2776 1724 quoque
2811 1656 2963 1725 plana
3013 1660 3239 1713 exordia
3296 1660 3772 1717 fundamentorum
3802 1706 3821 1731 ,

2221 1746 2316 1800 scd
2348 1747 2510 1802 ardua
2544 1749 2812 1804 celsorum
2837 1766 3001 1819 Opera
3027 1750 3382 1823 fastigiorum.
3410 1755 3471 1810 Et
3498 1757 3826 1827 plerumque

2225 1838 2277 1892 itt
2313 1840 2430 1908 ipso
2458 1841 2637 1909 eperis
2679 1843 2967 1899 cl-tudendi
2993 1843 3118 1911 ﬁne,
3154 1847 3423 1902 mercedis
3451 1864 3563 1901 sua:
3592 1865 3823 1907 munere

2224 1933 2574 1989 defraudatur
2625 1937 2964 1993 miserandus
2994 1937 3164 2008 faber,
3213 1951 3305 1994 aut
3354 1941 3611 1998 culminis
3662 1945 3820 2010 lapso

2223 2027 2471 2086 obrutus.
2501 2039 2593 2082 aut
2619 2028 2856 2085 instabili
2901 2030 3164 2100 deceptus
3195 2034 3449 2105 vestigio,
3502 2035 3640 2089 utad
3674 2036 3820 2093 infe-

2224 2123 2370 2176 riora
2408 2120 2644 2177 decidat.
2684 2122 2757 2177 De
2782 2124 3018 2193 agricola
3049 2122 3174 2195 quid
3201 2126 3415 2194 ,dicam,
3446 2128 3532 2182 cui
3567 2129 3820 2198 precinc-

2223 2222 2311 2269 tos
2339 2214 2669 2271 laboriosior
2691 2216 2884 2272 messis
2899 2233 3061 2288 quam
3093 2220 3313 2290 segetis,
3345 2221 3631 2276 vindemiae
3654 2238 3819 2293 quam

2227 2307 2553 2378 putationis:
2581 2316 2634 2362 et
2656 2309 2851 2363 adultis
2884 2310 3146 2365 fructibus
3170 2313 3419 2382 graviora
3450 2329 3664 2384 semper
3705 2331 3821 2369 me-

2228 2400 2425 2453 tuenda
2497 2401 2776 2469 pericula?
2844 2400 2987 2457 Niltil
3037 2419 3169 2474 ergo
3230 2419 3469 2472 novum,
3537 2406 3584 2461 si
3638 2409 3819 2462 adhuc

2226 2505 2324 2544 nos
2384 2492 2435 2544 in
2482 2491 2599 2559 ipso
2639 2501 2798 2561 portu
2866 2495 3277 2549 consummandi
3346 2510 3540 2551 cursus
3601 2497 3817 2567 pericu-

2226 2583 2335 2637 lttttt
2402 2592 2618 2639 manet:
2679 2585 2801 2655 quia
2862 2600 2958 2656 per
3021 2589 3328 2656 angustiora
3380 2590 3589 2642 viarum
3657 2604 3820 2643 scan-

2224 2676 2461 2732 dendum
2547 2687 2631 2732 est
2706 2679 2772 2733 ad
2843 2679 3134 2735 Antoniam
3185 2697 3199 2735 :
3258 2697 3365 2751 quo
3410 2683 3637 2753 dejectis
3688 2685 3819 2739 inde

2225 2770 2591 2837 adversariis,
2660 2772 2999 2840 superiorem
3074 2783 3405 2844 occupantes
3481 2777 3695 2843 locum,
3754 2792 3818 2831 ac

2224 2875 2385 2931 supra
2421 2861 2681 2916 verticem
2710 2862 2868 2917 locati
2901 2864 3168 2930 hostium,
3219 2867 3367 2937 ipsos
3414 2868 3817 2936 quodammodo

2227 2954 2501 3008 anhelitus
2546 2969 2736 3009 eorum
2778 2956 3226 3012 intercludamus.
3256 2958 3365 3014 Sed
3393 2960 3612 3015 difﬁcile
3650 2959 3757 3015 hoe
3792 2972 3812 2998 ε

2224 3045 2381 3099 nobis
2408 3045 2643 3112 videtur,
2674 3047 3097 3114 commilitones,
3124 3051 3277 3119 quasi
3320 3065 3451 3106 vero
3492 3052 3558 3106 ad
3604 3052 3816 3117 lttdnm,

2227 3153 2333 3193 non
2366 3140 2431 3194 ad
2466 3140 2665 3195 bellum
2698 3143 3056 3197 convenimus
3092 3160 3104 3196 :
3131 3144 3182 3197 in
3204 3159 3313 3214 quo
3343 3154 3439 3199 aut
3468 3145 3816 3211 vincendum,

2143 3268 2188 3333 Ο
2224 3242 2317 3285 aut
2344 3233 2687 3286 moriendum
2726 3234 2795 3287 sit
2827 3234 2976 3287 vitis.
3008 3234 3161 3290 Tunc
3194 3249 3324 3306 ergo
3373 3236 3678 3292 debueratis
3720 3254 3821 3292 cx-

2224 3337 2440 3389 cusare,
2468 3324 2688 3393 quando
2715 3326 2782 3379 ad
2814 3327 3058 3394 praelium
3086 3327 3391 3382 vcniebatis
3418 3370 3432 3391 ,
3475 3339 3533 3383 ut
3573 3328 3815 3383 vindica-

2227 3418 2356 3471 retis
2386 3416 2595 3471 cladcnt
2627 3416 2854 3471 Romani
2888 3419 3182 3484 exercitus,
3211 3429 3267 3474 et
3297 3421 3576 3476 maculatae
3605 3421 3816 3475 militia:

2228 3508 2484 3577 probrum
2513 3508 2816 3564 dilueretis.
2849 3509 2906 3564 Si
2933 3509 3160 3565 Neronis
3184 3519 3432 3579 tempore
3450 3512 3813 3567 ulciscendam

2227 3600 2479 3669 injuriant
2510 3600 2742 3655 Romani
2776 3604 3014 3658 numinis
3042 3604 3415 3672 aestimabatis,
3443 3605 3571 3675 quid
3599 3620 3689 3660 vos
3719 3606 3814 3660 de-

2225 3705 2309 3747 cet
2358 3694 2495 3748 velle
2546 3694 2880 3765 VeSpasiano
2922 3697 3293 3766 imperatore?
3340 3697 3604 3752 Lavetntts
3650 3714 3813 3769 supe—

2226 3788 2388 3842 rioris
2420 3788 2630 3857 imperii
2677 3796 2903 3856 nolam,
2954 3806 3022 3845 ne
3069 3799 3255 3846 nostro
3296 3791 3615 3848 adhaereat:
3656 3808 3811 3863 quam

2224 3881 2370 3937 Nero
2399 3882 2616 3953 quidem
2648 3893 2959 3941 remoturus
2998 3897 3095 3952 per
3138 3883 3531 3955 Vespasianum
3580 3887 3809 3940 aestima-

2225 3973 2407 4038 batur,
2441 3972 2806 4044 Vespasianus
2837 3990 2932 4043 per
2954 3974 3133 4030 Titum
3158 3977 3208 4029 in
3235 3991 3295 4030 se
3327 3975 3694 4042 transfuderit,
3709 3975 3808 4030 nisi

2229 4067 2519 4121 vicerimus
2553 4084 2565 4120 :
2598 4066 2942 4137 exsequenda
2975 4066 3133 4122 nobis
3184 4069 3561 4124 tantummodo
3596 4067 3807 4138 supple-

2229 4167 2408 4213 menta
2440 4160 2677 4216 victorias
2702 4170 2852 4230 pater
2879 4160 3099 4231 reliquit
3132 4178 3146 4214 :
3177 4176 3286 4232 quo
3325 4162 3462 4217 fusis
3508 4163 3563 4217 in
3604 4175 3804 4216 cassum

2228 4255 2392 4308 tantis
2444 4254 2759 4320 laboribus,
2800 4254 3098 4310 dedecoros
3150 4255 3415 4325 inultique
3470 4253 3487 4294 τ
3524 4254 3806 4311 referemus

2228 4349 2451 4420 gradum
2472 4391 2486 4413 ,
2521 4349 2801 4404 victoriam
2830 4349 3276 4421 derelinquentes
3294 4350 3319 4404 ?
3339 4351 3495 4420 quasi
3520 4365 3625 4405 non
3648 4350 3805 4403 levius

2228 4442 2433 4496 crimen
2465 4442 2536 4496 sit
2561 4442 2629 4497 de
2652 4441 2838 4497 militia
2870 4442 3158 4511 decedere,
3192 4457 3353 4514 quam
3394 4442 3681 4498 victoriam
3722 4442 3804 4495 de-

2227 4547 2414 4588 serere
2440 4549 2456 4586 :
2486 4533 2614 4587 illud
2646 4534 2791 4588 enim
2821 4533 3152 4598 formidinis,
3208 4535 3310 4590 hoc
3357 4535 3680 4605 proditionis
3710 4541 3800 4589 est.

525 4607 617 4663 dio
662 4610 799 4664 muri
854 4612 1221 4681 prolapsione.
1266 4613 1373 4669 Sed
1416 4614 1505 4671 ubi
1553 4616 1907 4672 conciam-itte
1975 4618 2125 4673 urbis
2151 4652 2205 4711 Β
2231 4622 2337 4678 Sed
2373 4624 2733 4693 periculosum
2768 4626 2968 4694 putatis
3000 4626 3050 4680 in
3086 4626 3298 4681 hostem
3350 4626 3686 4683 descendere
3709 4668 3722 4691 ,
3756 4636 3802 4681 et

534 4714 557 4742 ο
583 4702 863 4759 insultavit
886 4720 1075 4773 sonus,
1100 4722 1255 4763 versa
1287 4708 1406 4763 vice
1428 4725 1633 4777 rerum,
1670 4711 1794 4765 novi
1835 4710 1976 4766 muri
1999 4725 2126 4781 Spe-

528 4797 674 4864 cies,
730 4799 1020 4870 improvisa
1071 4800 1440 4857 Romanorum
1504 4802 1698 4874 gaudia
1728 4801 1756 4841 ἀ
1794 4803 2116 4872 restrinxit,

523 4890 828 4960 jndasornm
857 4892 1079 4949 audacia
1107 4897 1399 4960 successit,
1424 4897 1548 4967 quia
1574 4893 1872 4965 periculum
1896 4894 2116 4953 differe-

533 4982 710 5038 batur.
742 4984 894 5041 Ttmc
932 4985 1117 5043 Caesar
1160 4990 1460 5043 exercitum
1506 4989 1783 5045 adhortari
1834 4988 2020 5058 coepit,
2065 4998 2122 5044 ut

536 5090 735 5131 novum
766 5076 914 5131 illttnt
948 5094 1161 5134 murum
1210 5080 1329 5135 sine
1359 5080 1470 5135 ulla
1494 5082 1840 5136 cunctatione
1866 5081 2122 5137 adorien-

529 5167 658 5222 dum
710 5179 984 5238 putarent,
1013 5186 1173 5241 quem
1229 5173 1564 5228 constructio
1613 5187 1804 5228 recens
1853 5172 2122 5229 infirmant

532 5269 588 5314 et
613 5260 771 5315 facile
805 5262 1095 5317 solubilem
1123 5264 1374 5331 proderet
1405 5281 1417 5317 :
1449 5265 1712 5320 auderent
1736 5266 1898 5321 modo
1928 5267 2126 5323 animis

533 5355 848 5425 procedere,
876 5354 1177 5427 fragmenta
1206 5360 1430 5414 muralia
1462 5360 1789 5416 ascendendi
1815 5361 2124 5417 facilitatem

534 5446 748 5512 datura,
785 5458 840 5501 ut
889 5448 1203 5519 praaliantes
1238 5450 1503 5519 Romani,
1532 5451 1734 5507 Jttdais
1763 5453 1831 5508 de
1859 5454 2127 5523 superiori

535 5539 656 5597 loco
685 5542 1130 5607 decernentibus,
1158 5542 1595 5615 adaequarentur.
1624 5546 1688 5601 Et
1709 5546 1832 5616 quia
1859 5557 2126 5604 cunctan-

608 5672 633 5701 α
661 5662 899 5720 Bessum.
928 5664 1098 5721 BABR.

610 5735 639 5775 ιι
666 5737 753 5792 An
782 5735 1032 5803 (artiﬁcii?
1055 5736 1332 5792 ΟΑιιΑιω.

618 5814 641 5841 '
669 5806 976 5863 Rosultam't.
1008 5807 1178 5862 Buta.

2235 4731 2445 4770 tnnrnm
2475 4717 2642 4772 armis
2668 4719 3077 4773 circumsonare
3112 4736 3125 4771 :
3159 4718 3311 4789 quasi
3362 4735 3495 4774 vero
3543 4718 3801 4774 muliebria

2231 4807 2300 4863 de
2325 4810 2511 4874 nobis,
2544 4817 2599 4864 ct
2626 4824 2732 4865 non
2768 4811 2943 4865 virilia
2972 4826 3136 4879 opera
3172 4811 3288 4882 ipsa
3322 4823 3513 4868 natura
3556 4822 3756 4883 expetat
3784 4851 3797 4875 ,

2230 4918 2349 4973 qua:
2381 4905 2536 4959 nobis
2560 4903 2681 4958 ideo
2706 4903 2924 4959 vitalem
2953 4903 3150 4960 infudit
3174 4906 3454 4976 spiritum,
3487 4916 3545 4959 nt
3574 4921 3691 4960 eum
3718 4918 3798 4972 pro

2230 4996 2401 5066 gloria
2448 4997 2683 5053 libenter
2730 4997 3115 5071 refundamus.‘
3146 4999 3226 5054 Ad
3268 5012 3390 5068 quae
3420 4999 3603 5068 igitur,
3626 4996 3717 5052 nisi
3741 4993 3797 5048 ad

2232 5097 2467 5149 maxima
2515 5109 2743 5164 quasque
2792 5109 2822 5148 a
2862 5093 2997 5150 duce
3044 5107 3146 5149 suo
3186 5094 3414 5149 bellator
3454 5090 3795 5149 adhortandus

2227 5193 2345 5247 est?
2360 5191 2492 5246 Nam
2509 5190 2690 5245 usitati
2716 5190 2894 5260 operis
2919 5187 3244 5255 adhortatio,
3272 5202 3381 5242 non
3400 5187 3574 5241 solum
3589 5199 3793 5240 conven-

2232 5286 2321 5354 tis,
2357 5286 2452 5340 sed
2480 5286 2643 5340 etiam
2671 5283 3125 5340 convenientibus
3149 5281 3304 5337 affert
3330 5281 3609 5351 pudorem,
3626 5287 3680 5333 ut
3697 5274 3793 5331 cxi-

2231 5396 2347 5452 gas,
2378 5379 2519 5451 quod
2552 5389 2749 5450 sponte
2783 5379 3053 5434 debetur:
3103 5377 3156 5432 id
3199 5378 3343 5432 enim
3385 5375 3456 5431 de
3497 5391 3555 5429 se
3598 5372 3787 5429 militent

2234 5488 2496 5545 praestare
2519 5482 2754 5539 oportet.
2791 5471 2861 5526 Et
2890 5481 3066 5526 tamen
3091 5469 3217 5539 quid
3235 5467 3646 5523 immoderatum
3664 5479 3689 5516 a
3712 5474 3786 5513 ro-

2234 5573 2318 5629 bis
2342 5566 2549 5638 exigo?
2575 5564 2765 5621 Nonne
2791 5571 3015 5636 praestat
3042 5563 3181 5619 mori
3214 5576 3309 5632 per
3346 5562 3619 5623 virtutem,
3654 5565 3782 5626 quant

2305 5666 2333 5706 δ
2363 5665 2640 5723 Restinxit.
2662 5664 2739 5719 in.

2314 5750 2338 5779 ο
2373 5739 2549 5796 Vobis.
2580 5740 2751 5794 Buta.

2308 5810 2329 5851 ί
2364 5809 2678 5887 Refcrimus.
2713 5808 2787 5875 In.
