3948 6324
179 351 351 408 2375

1099 339 1373 399 HISTOR.
1404 338 1489 395 DE
1531 334 1813 395 EXCIDIO
1854 334 2127 392 HIEBOS.
2170 334 2373 393 URBIS
2410 333 2541 391 LIB.
2587 332 2648 387 V.

3351 318 3495 384 9m

190 449 392 502 νῖνοιὍ
419 443 484 510 ad
514 442 915 517 ignominiam?
941 442 996 499 In
1032 438 1235 493 medias
1260 438 1621 492 ltonianorum
1653 432 1796 515 acies
1822 443 1875 507 Α
1905 432 2022 503 fuga
2063 431 2424 489 annuntiavit.
2460 431 2539 486 De
2568 428 2829 486 trecentis
2861 438 3041 483 tamen
3071 423 3500 482 Lacedaemoniis

186 541 518 612 frequenter
547 538 768 595 Iudaeus
797 534 1065 598 excurrit,
1107 546 1169 584 ac
1200 544 1320 585 sese
1369 525 1655 582 hostilibus
1701 537 1793 577 cu-

180 637 313 691 neis
344 633 651 703 impavidus
676 630 930 695 infundit,
964 642 1070 682 non
1102 623 1167 678 ad
1200 637 1350 692 spem
1384 618 1649 683 victoriae,
1699 615 1796 672 sed

181 727 261 782 ad
297 724 556 780 indicium
590 720 951 785 fortitudinis,
1000 727 1054 772 et
1100 715 1519 771 ostentationem
1565 707 1797 779 gloriae?

181 822 335 889 Vos,
367 820 563 891 quibus
595 826 737 873 terra
757 826 821 872 et
862 813 1001 871 mari
1033 825 1193 868 nemo
1222 810 1441 879 impune
1485 804 1666 861 adhuc
1713 817 1801 857 re-

185 917 384 983 stitit,
434 914 629 986 quibus
677 927 785 968 non
831 919 915 966 est
968 923 1167 963 novum
1195 905 1450 967 vincere.
1483 910 1538 957 et
1590 898 1798 954 crimen

188 1027 309 1066 non
345 1010 561 1074 vicisse,
590 1021 712 1062 cum
745 1015 893 1060 tanta
923 1000 1166 1059 habeatis
1208 993 1458 1052 vincendi
1501 989 1754 1061 suffragia
1780 1031 1795 1057 ,

190 1119 306 1160 nec
355 1101 525 1158 semel
564 1098 786 1172 quidem
836 1095 1172 1168 proripuisse
1215 1090 1269 1145 in
1315 1087 1526 1142 hostem
1573 1081 1800 1154 gradum

192 1213 311 1253 non
345 1194 554 1267 pudet?
586 1192 681 1248 sed
715 1200 957 1246 armatus
985 1187 1153 1244 Otium
1203 1192 1411 1247 tenere,
1442 1188 1495 1234 et
1523 1175 1802 1246 procinctu

193 1294 430 1363 positos,
484 1285 693 1343 feriatis
732 1283 932 1337 animis
976 1283 1336 1350 exspectare,
1389 1281 1447 1326 ut
1493 1269 1663 1323 fames
1706 1278 1804 1337 pro

192 1385 364 1442 nobis
392 1380 639 1442 dimicet,
675 1388 839 1449 atque
871 1373 1049 1429 inedia
1102 1369 1282 1440 potius
1327 1380 1447 1428 sua,
1495 1375 1655 1434 quam
1709 1374 1807 1413 no-

194 1479 336 1535 stris
366 1475 466 1530 fnsi
500 1472 731 1544 gladiis,
756 1448 832 1524 diu
863 1463 1187 1538 opprobium
1216 1457 1372 1515 nobis
1404 1448 1809 1511 erubescendos

194 1579 421 1635 vertant
470 1562 794 1636 trumphos?
839 1559 960 1616 Non
1013 1554 1224 1628 pudet,
1268 1553 1488 1620 inquam
1520 1588 1536 1614 ,
1600 1543 1807 1600 strenui

196 1661 630 1725 commilitones,
658 1654 1035 1711 universarum
1074 1650 1310 1703 victores
1338 1641 1581 1714 gentium
1609 1680 1624 1703 ,
1672 1634 1808 1692 nihil

197 1757 273 1812 de
296 1755 463 1811 armis
492 1765 738 1824 sperare,
768 1747 903 1803 nihil
931 1744 1000 1801 de
1034 1742 1268 1805 viribus,
1297 1736 1391 1793 sed
1435 1734 1504 1789 de
1548 1733 1659 1788 sola
1712 1729 1809 1784 ob-

197 1848 452 1913 sidione,
495 1854 545 1901 et
589 1841 790 1915 operiri
848 1836 1066 1910 quando
1106 1833 1279 1888 hostis
1307 1827 1496 1884 morbo
1546 1837 1812 1880 consene-

1901 528 1983 580 vir
2008 540 2147 581 unus
2176 524 2497 595 subterfugit
2533 540 2547 578 :
2582 523 2659 578 illi
2690 524 2741 577 in
2782 520 3048 591 angustiis
3091 518 3497 589 prteliabantnr,

1901 638 1969 694 ne
1993 620 2543 677 circumvenirentur.
2588 617 2666 673 De
2699 614 2963 671 Romanis
2988 612 3296 684 legionibus
3324 609 3508 665 nullus

1905 716 2069 770 vitam
2099 713 2286 783 elegit,
2321 711 2416 767 sed
2445 724 2637 766 omnes
2676 710 2866 764 mortis
2906 704 3281 761 haereditatem
3309 745 3323 769 ,
3372 717 3510 772 quo—

1903 826 2019 865 rum
2048 822 2148 862 vos
2178 806 2384 876 posteri
2413 805 2546 860 estis
2580 822 2593 856 :
2637 803 2681 857 si
2727 807 3041 870 c0utemptu
3092 795 3461 868 periculorum
3491 835 3508 862 ,

1903 905 2054 974 quasi
2084 902 2317 973 gloriosa
2361 898 2602 964 indoles,
2636 895 2850 951 virtutis
2894 889 3202 962 prosapiam
3252 903 3360 943 non
3407 887 3508 939 ab-

1903 996 2105 1054 nuatis.
2170 996 2304 1062 Quis
2347 994 2490 1049 enim
2546 989 2764 1046 fortium
2804 987 3044 1043 virorum
3107 997 3229 1039 esse
3259 994 3318 1038 se
3359 994 3509 1035 mor-

1906 1094 2067 1149 talem
2116 1105 2225 1145 non
2275 1086 2509 1149 neverit,
2555 1083 2914 1152 omnibusque
2967 1077 3201 1148 positum
3236 1074 3397 1130 finem
3430 1074 3508 1127 vi-

1906 1185 2068 1242 vendi
2089 1185 2112 1238 ?
2137 1182 2351 1250 Quanto
2381 1179 2546 1250 igitur
2568 1174 2764 1232 melius
2779 1173 2967 1244 patriae
2994 1168 3337 1240 impendere,
3368 1163 3514 1236 quod

1909 1288 2118 1337 naturae
2147 1277 2372 1339 debeas,
2402 1281 2457 1328 et
2491 1269 2879 1327 necessitatem
2920 1271 3257 1321 commutare
3296 1259 3467 1330 gloria
3498 1275 3511 1310 :

1911 1388 2011 1429 nec
2058 1369 2271 1427 anhela:
2320 1364 2623 1422 senectutis
2662 1360 2912 1432 suspiriis
2951 1357 3246 1413 obnoxiam
3294 1352 3456 1407 vitam
3487 1360 3509 1389 ο

1911 1467 2174 1535 dejicere,
2223 1476 2324 1516 nec
2368 1456 2630 1515 ferventis
2674 1450 3016 1523 aegritudinis
3057 1461 3218 1504 casus
3265 1443 3517 1502 reformi-

1912 1560 2066 1625 dare,
2100 1572 2224 1612 cum
2253 1552 2518 1624 depositis
2571 1565 2688 1605 aevo
2734 1544 3049 1617 quotidiana
3101 1541 3311 1597 fastidia
3358 1536 3516 1593 sint?

1911 1654 2132 1709 illorum
2156 1657 2335 1704 autem
2362 1688 2377 1715 ,
2404 1645 2495 1717 qui
2545 1645 2805 1714 languore
2853 1643 3218 1697 marcescunt,
3258 1631 3517 1688 deficien—

1914 1747 2055 1801 tibus
2084 1743 2289 1800 viribus
2317 1740 2526 1811 pariter
2554 1752 2618 1792 ac
2644 1732 2918 1799 sensibus,
2964 1739 3023 1786 ut
3064 1727 3355 1784 multorum
3398 1723 3518 1794 upi-

1916 1840 2008 1895 nio
2039 1838 2224 1903 habet,
2265 1836 2463 1891 animae
2502 1831 2665 1887 simul
2704 1844 2827 1885 cum
2856 1839 3089 1896 corpore
3132 1820 3387 1892 sepulcro
3422 1816 3521 1872 ad-

197 1949 346 2005 δεδι,
375 1947 538 2010 atque
570 1937 621 1990 in
649 1948 750 1990 suo
776 1929 1040 1987 moriatur
1072 1922 1318 1983 lectulo?
1367 1921 1433 1974 lit
1467 1934 1585 1988 qum
1631 1923 1811 2010 pfthSi
1839 1907 1887 1968 Β
1912 1934 2245 2004 jndicentur.
2297 1928 2368 1984 At
2411 1940 2540 1981 vero
2586 1923 2909 1980 bellatorum
2934 1927 2988 1974 et
3013 1912 3517 1973 strenuissimorum

201 2048 334 2091 esse
358 2032 474 2087 sine
503 2028 647 2085 bello
676 2022 948 2081 victoria?
972 2020 1156 2075 omnia
1188 2024 1314 2072 sunt
1344 2011 1549 2082 repleta
1579 2006 1814 2062 cadave-

203 2125 386 2189 ribus,
418 2120 692 2181 deformes
736 2114 949 2173 exuviae
973 2113 1179 2183 jaceat,
1225 2118 1531 2174 exsangues
1572 2097 1812 2169 reliquiae

203 2217 588 2274 defuncturum
615 2253 632 2279 ,
663 2210 765 2267 nisi
792 2224 926 2279 quos
974 2204 1075 2276 ipsi
1109 2202 1250 2261 inter
1296 2213 1355 2253 se
1401 2195 1514 2251 suis
1562 2191 1814 2248 manibus

207 2308 645 2367 trucidaverunt.
678 2302 816 2372 Quid
852 2298 1107 2356 timemus
1136 2311 1251 2357 eos,
1285 2307 1424 2363 quos
1441 2291 1551 2360 jam
1599 2285 1770 2341 fames
1795 2324 1811 2351 ,

206 2400 389 2475 ignis,
435 2397 812 2461 latrocinium,
864 2391 1059 2449 seditio
1105 2383 1417 2444 exstinxit?
1464 2380 1601 2450 Quid
1648 2376 1819 2433 (ἰθειί-

210 2499 420 2555 tuimus
442 2494 624 2549 divina
654 2485 959 2547 beneficia?
987 2484 1153 2556 Cujus
1182 2481 1328 2538 enim
1350 2477 1453 2533 nisi
1480 2474 1573 2531 Dei
1601 2482 1733 2531 nuttt
1763 2470 1817 2525 in

210 2609 314 2649 sua
346 2590 521 2651 collisi
550 2602 699 2643 arma
727 2584 896 2640 sunt?
923 2578 1171 2636 Destituti
1197 2589 1413 2647 quoque
1442 2568 1699 2626 subsidiis
1721 2564 1819 2620 ali-

212 2696 552 2749 mentorum,
585 2695 688 2737 nec
717 2677 864 2733 ullus
891 2672 1174 2729 domestici
1206 2668 1329 2723 finis
1362 2664 1578 2721 furoris.
1617 2658 1819 2716 Vereor

212 2795 287 2835 ne
338 2776 452 2848 jam
503 2783 557 2829 et
604 2770 925 2841 religionum
978 2762 1261 2819 videamur
1304 2754 1579 2820 rebelles,
1624 2750 1715 2821 qui
1766 2756 1821 2803 et

215 2871 446 2933 nostris,
478 2877 534 2927 et
560 2865 673 2921 suis
727 2857 1086 2931 religionibus
1127 2851 1322 2908 infidos
1369 2858 1476 2902 tam
1509 2845 1600 2901 diu
1644 2855 1822 2898 reser-

216 2978 434 3020 vamus.
468 2960 668 3015 Verum
700 2964 838 3018 esto,
888 2953 958 3008 sit
1006 2960 1157 3003 atrox
1208 2943 1407 3000 bellum
1464 2949 1518 2994 et
1565 2935 1825 2992 formido-

218 3058 423 3113 losum.
482 3050 618 3119 Quid
667 3048 811 3105 enim
860 3057 958 3099 vos
1008 3039 1136 3097 belli
1186 3034 1473 3092 demulceo
1512 3026 1824 3086 facilitate?

217 3152 304 3207 Sit
346 3146 568 3203 victoria
601 3144 805 3197 incerta
837 3180 851 3205 ,
876 3145 1086 3193 certum
1113 3131 1431 3204 perieulum.
1464 3125 1654 3183 Nonne
1681 3120 1823 3191 apud

219 3256 322 3300 eos
357 3238 488 3295 mihi
533 3248 715 3293 sermo
758 3239 885 3295 est,
924 3227 1018 3300 qui
1051 3226 1282 3280 humana
1328 3218 1611 3293 prudentia
1660 3230 1827 3271 nove-

1917 2032 2176 2093 virorum,
2209 2026 2298 2096 qui
2345 2039 2405 2079 se
2449 2037 2549 2094 pro
2581 2020 2775 2091 patria,
2821 2032 2920 2089 pro
2943 2014 3133 2072 liberis
3170 2053 3184 2078 ,
3234 2027 3335 2083 pro
3385 2007 3517 2064 reli-

1916 2123 2078 2194 gione
2128 2121 2290 2175 morti
2347 2114 2669 2172 devoverint
2738 2113 2949 2167 animas
2995 2110 3063 2164 de
3113 2105 3346 2163 vinculis
3393 2117 3519 2159 cor.

1920 2214 2070 2287 puris
2101 2213 2257 2282 hujus
2288 2210 2437 2266 ferro
2467 2208 2747 2264 absolutas
2782 2204 2918 2260 nulli
2964 2202 3212 2268 dubium,
3261 2198 3387 2269 quin
3425 2212 3523 2266 pu-

1919 2322 2041 2365 rum
2084 2305 2218 2360 illud
2250 2303 2548 2358 :etltereum
2599 2298 2931 2354 elementum
2978 2293 3264 2349 stellarum
3318 2288 3522 2344 lumine

1919 2400 2217 2472 refulgens,
2247 2400 2299 2452 in
2331 2395 2648 2452 cmlestibus
2674 2392 2934 2461 suscipiat
2962 2385 3307 2453 habitaculis,
3341 2382 3524 2453 hospi-

1924 2495 1998 2548 tio
2029 2492 2260 2563 quodam
2290 2502 2542 2559 supernae
2571 2485 2775 2557 quietis
2807 2503 2819 2537 :
2867 2482 2922 2536 in
2964 2480 3126 2535 terris
3170 2490 3386 2549 quoque
3435 2488 3523 2528 rc-

1923 2605 2165 2656 tnanere,
2220 2589 2432 2659 insigne
2477 2584 2695 2655 aliquod
2722 2579 2751 2620 εί
2778 2591 2859 2637 est
2884 2576 3077 2650 gratiae
3126 2574 3208 2629 vel
3255 2570 3470 2640 injuriae
3504 2611 3521 2637 ,

1922 2697 1980 2743 ut
2007 2695 2062 2740 et
2087 2685 2345 2753 languore
2372 2684 2805 2735 commaceratos
2835 2670 3041 2727 oblivio
3088 2664 3426 2723 abscondat:
3468 2668 3526 2717 et

1923 2778 2216 2832 adversum
2249 2785 2436 2844 pectus
2464 2771 2519 2827 in
2562 2766 2777 2824 hostem
2809 2764 3072 2830 ferentes,
3112 2762 3158 2813 si
3198 2770 3351 2813 mors
3390 2769 3525 2810 cou-

1923 2872 2150 2936 veuerit,
2180 2879 2439 2939 sequatur
2466 2862 2659 2935 gloria.
2694 2859 2774 2915 Ad
2804 2860 2920 2912 luce
2944 2868 3042 2909 vos
3072 2852 3242 2907 invito
3267 2846 3521 2919 prmmia,

1924 2963 2352 3024 commilitones,
2385 2965 2443 3013 ut
2472 2958 2523 3011 in
2549 2956 2761 3010 hostem
2792 2962 3082 3022 pergamus
3103 2987 3117 3013 ,
3165 2959 3329 3015 quem
3373 2942 3524 2996 clau-

1925 3073 2044 3113 sum
2074 3066 2324 3110 tenemus
2356 3069 2370 3105 :
2399 3046 2757 3105 ascendamus
2798 3044 2850 3097 in
2903 3053 3119 3097 murum
3168 3051 3263 3107 per
3310 3034 3524 3089 ruinam

1928 3151 2066 3206 muri
2099 3145 2399 3210 validioris,
2434 3158 2553 3213 qua:
2581 3139 2739 3195 nobis
2766 3137 2918 3192 velut
2942 3131 3230 3205 quemdam
3275 3140 3527 3197 aggerem

1931 3252 2181 3314 pratstat,
2210 3250 2265 3296 et
2295 3247 2542 3309 :cquatur
2589 3248 2745 3291 muro
2788 3227 3055 3287 inferiori.
3105 3222 3362 3293 Quisquis
3409 3219 3521 3274 vir-

220 3337 354 3399 rint,
379 3335 434 3388 in
464 3326 723 3402 periculis
751 3321 1147 3395 promptiorem
1171 3331 1291 3372 esse
1315 3314 1555 3369 omnium
1577 3310 1826 3366 animan-
1851 3296 1895 3359 C
1932 3296 2061 3392 {mis
2086 3296 2341 3389 mximum
2362 3296 2695 3400 'hrmfercns’
2723 3323 2931 3394 primus
2972 3320 3027 3373 in
3074 3329 3288 3372 murum
3338 3326 3530 3367 παθη.

222 3428 359 3485 tium
392 3420 762 3479 fortitudinem
792 3458 806 3483 ,
838 3430 999 3487 quam
1043 3414 1096 3466 in
1148 3407 1556 3465 remissioribus
1600 3411 1827 3459 conten-
1868 3412 1872 3422 ‘

223 3515 511 3575 tionibus?
547 3512 702 3568 Ferre
729 3512 859 3580 ips:c
890 3521 1012 3561 cum
1046 3520 1106 3560 se
1135 3499 1570 3561 circumvallatas
1601 3505 1626 3534 τι
1658 3498 1826 3552 armis

222 3608 464 3667 viderint
502 3600 709 3675 majore
764 3604 816 3658 in
857 3616 954 3661 eos
1014 3601 1220 3670 impetu
1268 3602 1472 3660 ruunt,
1521 3604 1577 3647 ιιι
1626 3592 1674 3645 vi
1726 3588 1829 3645 sibi

222 3705 475 3777 aperiant
491 3702 614 3756 iter.
638 3699 710 3753 Et
732 3695 1000 3752 atrociora
1024 3705 1257 3764 serpens
1283 3687 1523 3745 latibulis
1541 3698 1827 3749 excussus,

226 3795 466 3855 infundit
489 3807 719 3849 venena.
756 3789 896 3845 Sunt
937 3787 1126 3853 etiam,
1174 3800 1295 3856 qua:
1344 3789 1536 3837 natura
1584 3776 1829 3841 innoxia,

227 3894 283 3948 in
313 3888 569 3959 periculis
602 3893 782 3939 tamen
805 3880 919 3937 suis
944 3878 1008 3936 ad
1037 3875 1340 3933 nocendum
1368 3873 1395 3913 Ι)
1427 3874 1650 3929 fortiora
1682 3876 1828 3922 sunt.

228 3983 441 4040 Habent
466 3977 614 4035 cervi
648 3990 743 4032 sua
775 3987 924 4028 arma
951 4013 967 4038 ,
1012 3971 1057 4026 si
1099 3968 1219 4039 quis
1267 3983 1326 4022 se
1370 3966 1589 4021 obvium
1642 3963 1828 4024 ferat,

230 4088 289 4135 et
316 4086 543 4133 mortem
572 4070 829 4129 cornibus
858 4065 1146 4135 repellunt.
1177 4061 1393 4118 Habent
1427 4070 1482 4116 et
1529 4060 1672 4115 lzesae
1719 4059 1836 4129 api-

230 4170 374 4228 culte
415 4180 545 4227 suos
595 4177 827 4219 morsus.
883 4158 1025 4226 Quid
1074 4166 1256 4213 autem
1301 4153 1371 4211 de
1413 4153 1543 4209 viris
1593 4152 1831 4208 bellato-

232 4262 388 4320 ribus
425 4259 567 4329 apud
596 4256 873 4313 Romanos
900 4249 1130 4322 loquar?
1156 4263 1280 4304 cum
1318 4245 1591 4303 Leonides
1615 4246 1705 4301 ille
1730 4244 1835 4300 La-

232 4354 554 4413 cedaemone
582 4350 817 4425 genitus,
849 4344 1200 4423 prmliaturus
1224 4341 1486 4399 adversus
1523 4339 1837 4396 innumera-

233 4447 405 4505 bilem
450 4445 741 4500 Persarum
798 4438 1135 4504 exercitum,
1177 4433 1418 4497 dixerit:
1465 4432 1837 4507 Prandeamus

236 4542 293 4605 in
348 4537 506 4595 terris
538 4577 555 4604 ,
603 4535 745 4606 apud
793 4531 1001 4588 inferos
1048 4529 1338 4588 etenaturi.
1379 4529 1613 4584 Tantum
1671 4526 1839 4582 valuit

235 4634 383 4709 apud
411 4633 633 4690 Graecos
665 4630 752 4685 hic
788 4642 993 4695 sermo,
1028 4635 1083 4683 ut
1115 4641 1222 4679 non
1256 4623 1432 4679 solum
1465 4622 1534 4677 de
1581 4620 1836 4678 trecentis

232 4728 351 4791 illis
380 4723 813 4783 Lacedaemoniis
859 4722 990 4777 viris
1029 4719 1228 4791 quibus
1286 4719 1402 4788 ipse
1460 4724 1730 4787 pra‘erat,
1779 4731 1839 4771 se

237 4835 405 4878 nemo
435 4817 784 4883 subtraxerit,
817 4824 1021 4887 praeter
1049 4828 1215 4869 unum
1243 4820 1474 4877 tantum,
1527 4826 1690 4882 quem
1747 4824 1840 4864 su-

239 4914 527 4989 perstitem
561 4920 746 4984 postea
774 4910 952 4966 nullus
991 4907 1239 4976 recepit:
1283 4904 1378 4960 sed
1422 4904 1586 4960 etiam
1631 4902 1700 4958 de
1738 4917 1843 4958 cae-

239 5009 380 5068 teris
407 5007 499 5079 qui
525 5005 691 5063 simul
716 5003 785 5060 ad
812 5001 1121 5058 bellandum
1156 5006 1557 5063 processerant,
1586 4996 1688 5050 nisi
1708 5008 1847 5065 quos

239 5101 514 5163 Leonides
543 5109 691 5154 tanto
731 5097 1036 5167 degeneres
1071 5093 1215 5150 bello
1248 5090 1571 5162 repudiavit.
1606 5088 1745 5156 Quid
1779 5086 1847 5143 de

240 5200 621 5255 Romanorum
651 5191 877 5263 integris
907 5187 1211 5260 legionibus
1249 5185 1483 5255 loquar?
1528 5197 1668 5253 quos
1713 5181 1847 5236 Cato

240 5291 512 5347 Romana:
540 5294 788 5343 assertor
815 5281 1108 5347 facundiae,
1135 5289 1191 5335 et
1218 5278 1463 5334 veritatis
1487 5276 1735 5332 sincerus
1765 5274 1849 5329 in-

242 5391 484 5452 terpres,
514 5376 753 5433 asseruit
782 5391 906 5430 cum
947 5373 1316 5429 exsultatione
1357 5369 1424 5424 ad
1472 5367 1672 5423 bellum
1717 5382 1847 5436 pro-

239 5472 523 5531 cessisse:
581 5469 677 5525 sed
709 5482 816 5537 quo
843 5481 905 5521 se
933 5464 1202 5520 redituros
1242 5461 1639 5517 arbitrarentur
1664 5500 1678 5525 ,
1732 5459 1851 5513 nni-

241 5578 549 5639 versosque
579 5562 813 5619 libenter
836 5556 1215 5630 procubuisse,
1240 5569 1308 5610 ne
1330 5558 1602 5609 mutarent
1625 5559 1847 5605 senten-

243 5664 404 5717 tiam.
457 5654 607 5710 Beati
644 5666 874 5725 quorum
917 5662 1080 5704 nemo
1119 5647 1233 5702 suis
1281 5643 1517 5699 hostium
1566 5642 1846 5697 victoriam

327 5761 355 5789 ιι
382 5748 634 5803 Armatt's.
669 5747 840 5801 Bann.

329 5822 357 5860 ι)
391 5817 577 5874 Fortia
600 5820 723 5873 sint.
753 5816 833 5874 In.

331 5903 354 5931 ε
388 5890 602 5963 Degere.
636 5889 715 5946 In.

1929 3430 2090 3496 derit,
2124 3426 2209 3483 vel
2236 3425 2529 3489 secundus,
2554 3419 2637 3475 vel
2669 3417 2884 3481 tertius,
2908 3412 2992 3469 vel
3026 3410 3273 3482 pluribus
3297 3417 3483 3472 comes
3511 3418 3527 3467 ;

1930 3524 2343 3594 haudquaquam
2378 3517 2510 3573 mihi
2550 3528 2660 3570 non
2691 3512 2925 3567 donatus
2968 3506 3152 3578 opimo
3188 3500 3356 3558 abibit
3405 3514 3528 3553 ιιιιι-
3594 3500 3605 3510 ·

1931 3630 2104 3672 nere:
2138 3590 2238 3669 etsi
2270 3609 2416 3665 nulla
2463 3606 2639 3677 major
2688 3598 3060 3658 remuneratio
3112 3610 3272 3665 quam
3317 3590 3532 3647 fortitu-

1933 3708 2077 3764 dinis
2101 3705 2309 3777 gloria,
2352 3715 2474 3772 quae
2502 3699 2822 3770 plerumque
2871 3698 2956 3747 est
3010 3688 3196 3743 tutior.
3254 3682 3387 3738 Nam
3438 3679 3531 3735 ubi

1932 3803 2168 3873 primum
2225 3771 2423 3852 animis
2474 3800 2529 3846 et
2594 3786 2799 3843 viribus
2856 3776 3357 3837 conlidentissimus
3408 3771 3531 3841 quis

1934 3865 2263 3956 ascenderit,
2290 3888 2496 3957 fugient
2522 3886 2615 3954 qui
2647 3876 2979 3935 resistebant
3028 3878 3122 3927 aut
3156 3868 3224 3925 ad
3273 3865 3531 3921 inferiora

1936 4001 1996 4042 se
2023 3955 2480 4047 conferentium
2531 3972 2774 4030 latibulis
2826 3963 3199 4024 abscondent:
3258 3960 3332 4013 ita
3382 3955 3529 4029 quod

1936 4080 2173 4137 maximo
2187 4090 2330 4132 nunc
2344 4070 2587 4145 periculo
2606 4069 2699 4132 sit,
2716 4067 2761 4121 si
2778 4066 2830 4119 ιιι
2854 4058 3205 4118 inferioribus
3215 4053 3530 4125 quaerimus;

1937 4177 2056 4231 sine
2088 4172 2276 4228 labore
2318 4181 2515 4239 magno
2540 4173 2801 4235 sequetur
2831 4199 2845 4225 ,
2900 4166 2962 4212 ut
3014 4150 3242 4225 deiectis
3292 4146 3536 4205 hostibus

1939 4269 2142 4326 bellum
2171 4263 2506 4322 conficiatur.
2532 4312 2535 4315 λ

2486 4390 2714 4451 CAPUT
2752 4385 2993 4446 XXVIII.

2013 4515 2115 4575 Vix
2145 4526 2452 4573 sermonem
2480 4509 2637 4565 Titus
2665 4506 2957 4568 clauserat,
2983 4507 3039 4557 et
3067 4494 3303 4555 Sabinus
3344 4506 3404 4548 se
3443 4490 3542 4546 ob-

1944 4612 2069 4668 tulit
2093 4627 2159 4666 ex
2182 4610 2357 4682 Syriae
2380 4606 2538 4672 viris,
2574 4601 2826 4676 egregius
2859 4596 3087 4653 bellator
3114 4633 3129 4658 ,
3159 4598 3214 4647 et
3249 4599 3377 4643 ante
3424 4583 3541 4639 Cte-

1866 4682 1917 4741 Ῑ)
1944 4719 2120 4761 sarem
2150 4703 2478 4767 consistens,
2512 4697 2586 4752 ait
2616 4715 2628 4749 :
2663 4692 2900 4750 Obcdire
2939 4705 3000 4745 se
3036 4684 3305 4758 imperiis,
3352 4693 3545 4735 ascen—

1947 4798 2086 4854 sioni
2114 4804 2384 4869 paratum,
2417 4792 2462 4849 si
2490 4800 2717 4847 eventus
2772 4785 2873 4842 sibi
2923 4782 3184 4845 adesset,
3239 4784 3300 4831 ut
3343 4771 3543 4828 (Iazsari

1951 4891 2233 4963 placeret:
2273 4888 2316 4943 si
2351 4896 2373 4924 ο
2409 4885 2783 4941 destrueretur
2824 4875 3080 4933 secundis
3104 4915 3121 4940 ,
3173 4870 3306 4927 nihil
3350 4876 3546 4939 pneter

1949 5003 2102 5058 spem
2140 4984 2242 5041 sibi
2276 4980 2523 5038 accidere
2549 5019 2564 5043 ,
2607 4977 2697 5047 qui
2740 4974 2947 5046 judicio
2995 4970 3216 5041 proprio
3258 4963 3548 5034 delegisset

1952 5094 2049 5152 pro
2074 5077 2291 5134 thsare
2317 5073 2476 5131 mori.
2513 5072 2606 5127 His
2631 5068 2789 5125 dictis
2826 5067 3015 5122 laevam
3047 5060 3349 5117 extendens
3374 5099 3388 5124 ,
3434 5055 3551 5127 cly-

1949 5150 2110 5246 peum
2145 5186 2308 5242 supra
2339 5176 2502 5239 caput
2526 5164 2721 5220 extulit
2745 5202 2762 5229 ,
2810 5168 2867 5217 et
2915 5159 3140 5214 dextera
3169 5153 3391 5210 vibrans
3438 5150 3553 5222 gla-

1952 5268 2121 5331 dium,
2171 5267 2411 5325 immane
2437 5268 2696 5332 quantum
2742 5255 2794 5311 in
2855 5268 3003 5308 arma
3051 5245 3458 5305 iusurrexerit:
3495 5251 3554 5295 ut

1952 5358 2131 5431 quivis
2182 5372 2305 5413 eum
2363 5370 2467 5408 non
2524 5353 2928 5422 cognosceret,
2992 5357 3151 5414 quem
3207 5338 3369 5410 paulo
3430 5345 3555 5388 ante

1953 5453 2109 5510 exilis
2138 5449 2390 5520 corporis
2412 5445 2596 5516 specie
2641 5438 3026 5512 despicabilem
3058 5438 3344 5505 potaverat
3375 5467 3392 5493 ,
3424 5425 3555 5481 sub—

1952 5548 2032 5604 ito
2061 5560 2184 5602 cum
2227 5542 2439 5599 videret
2483 5552 2711 5611 pergere
2742 5536 2798 5591 in
2828 5531 3155 5594 adversum,
3205 5532 3260 5580 et
3304 5520 3555 5581 hostibus

1956 5643 2162 5714 pariter
2206 5649 2264 5695 et
2310 5636 2483 5693 muris
2509 5635 2803 5690 minantem
2857 5641 2979 5684 sese
3036 5619 3355 5687 extendere,
3402 5628 3556 5687 quast

2026 5733 2053 5774 ά
2089 5734 2206 5791 γει.
2244 5735 2321 5792 In.

2034 5818 2057 5846 (³
2084 5806 2335 5864 Destituet
2349 5812 2478 5858 etur.
2509 5800 2678 5859 ΒΑιιιι.
