3948 6330
461 297 606 354 9175

1785 302 2029 362 SANCTI
2071 305 2397 370 AMBROSII

3622 322 3757 378 2176

459 413 572 484 jam
601 411 801 468 celsior
832 413 884 467 in
921 413 1195 484 subjectos
1225 414 1580 485 prreliaretur,
1609 425 1663 474 et
1689 432 1900 472 murum
1925 433 2058 489 qua-
2085 424 2138 485 Α
2165 428 2354 482 mortis
2380 428 2742 486 formidinem.
2780 431 2841 486 Hi
2875 441 3090 503 sumptu
3131 433 3320 505 glorize
3358 432 3620 494 virtutem
3650 439 3756 494 ale-

471 515 610 563 teret
644 522 828 562 manu.
857 507 1237 578 Sequebantur
1257 524 1381 564 eum
1411 511 1662 568 undecim
1705 512 1803 565 viri
1834 513 2060 566 studiosi

464 599 533 654 ad
567 599 912 665 imitandum,
954 600 1051 655 sed
1097 601 1338 672 impares
1365 601 1432 657 ad
1461 603 1928 674 consequendum.
1958 603 2063 658 Re-

465 693 773 762 pugnabant
800 692 868 746 de
899 708 1054 747 muro
1087 693 1253 764 judaei
1285 695 1510 766 spiculis
1533 737 1547 760 ,
1581 697 1726 750 saxis
1754 737 1768 762 ,
1810 696 2060 768 sagittis:

464 793 516 838 et
549 783 691 854 quod
720 783 984 854 cujusque
1012 801 1202 840 manus
1250 787 1533 842 invenerat
1560 787 1751 852 telum,
1803 789 1854 842 in
1906 787 2062 844 Sabi-

465 891 593 930 num
619 875 992 944 dejiciebatur.
1045 878 1116 933 At
1165 879 1255 934 ille
1304 881 1603 949 interritus,
1651 897 1814 937 cursu
1849 882 2063 938 concito

464 969 655 1024 insiliit
684 970 738 1024 in
769 970 1196 1040 fragmentorum
1231 989 1502 1044 aggerem,
1547 987 1598 1031 et
1632 977 1683 1030 in
1719 993 1931 1031 summo
1983 979 2062 1033 lo-

465 1067 642 1127 catus,
697 1059 910 1116 hostem
958 1065 1183 1129 avertit,
1216 1064 1346 1120 dum
1376 1067 1657 1136 proximus
1679 1069 1908 1138 quisque
1953 1069 2064 1123 for-

465 1153 635 1208 midat
668 1155 990 1224 periculum.
1026 1157 1133 1212 Sed
1165 1159 1293 1213 dum
1329 1174 1389 1216 se
1417 1161 1580 1216 librat
1625 1163 1677 1217 in
1724 1179 1935 1218 murum
1983 1173 2064 1219 at—

466 1248 662 1304 tollens
693 1290 707 1314 ,
759 1257 814 1304 et
861 1265 1087 1306 securus
1117 1253 1362 1309 victoria:
1413 1254 1465 1308 in
1524 1254 1734 1309 hostem
1781 1256 2060 1321 intendit,

465 1339 648 1409 lapsus
679 1340 730 1394 in
766 1340 980 1408 faciem,
1013 1358 1134 1398 cum
1167 1347 1409 1399 maximo
1453 1351 1632 1402 sonitu
1675 1349 1802 1403 ruit.
1836 1349 1952 1416 Quo
1978 1366 2065 1404 re-

465 1432 642 1485 vocati
695 1431 867 1486 Judaei
903 1475 918 1498 ,
973 1445 1260 1505 cmperunt
1303 1437 1573 1507 jacentem
1629 1439 1927 1494 missilibus
1975 1457 2066 1495 ur-

466 1538 617 1593 gere.
648 1523 742 1579 Ille
765 1540 906 1597 genu
941 1527 1133 1597 nixus,
1183 1539 1238 1584 et
1281 1544 1342 1586 se
1374 1541 1665 1603 protegens
1711 1545 1865 1589 scuto
1902 1550 2062 1604 quam

465 1615 560 1670 ditt
589 1619 788 1686 potuit,
828 1635 859 1674 a
902 1622 1127 1678 vulnere
1174 1623 1440 1692 defendit,
1489 1641 1592 1682 nec
1640 1628 1934 1682 immunem
1982 1644 2068 1684 rc-

467 1708 666 1780 liquit,
729 1727 891 1782 quem
953 1716 1258 1785 proximum
1317 1717 1540 1788 reperit.
1598 1721 1678 1774 Ad
1734 1731 2064 1791 postremum

2169 515 2316 584 bant,
2352 518 2426 572 illi
2466 520 2847 590 desperatione
2873 525 3065 579 salutis
3091 540 3252 582 omne
3280 526 3641 584 effundebant
3659 529 3760 585 vir-

2169 611 2299 666 tutis
2323 614 2600 683 viaticum,
2634 634 2735 672 nec
2764 619 3142 674 reservabant.

2735 708 2965 767 CAPUT
3005 711 3175 768 XXX.

2240 793 2669 854 Pnlcherrimnm
2700 816 2918 872 quoque
2949 802 3156 859 facinus
3186 804 3418 861 adorsus
3461 815 3548 861 est
3592 804 3764 862 Julia-

2167 901 2268 938 nus
2299 892 2571 959 centurio,
2604 893 2682 947 vir
2713 892 2879 949 armis
2911 899 3198 964 maximus,
3244 914 3310 952 ex
3360 898 3612 971 Bithynia
3640 915 3766 968 pro-

2167 977 2340 1034 fectus
2367 984 2664 1051 provincia,
2691 986 2784 1041 sed
2815 986 3073 1042 Romanis
3096 990 3436 1046 assuefactus
3459 992 3766 1062 disciplinis

2168 1072 2433 1142 bellisque
2462 1079 2759 1143 exercitus,
2789 1087 2844 1134 et
2872 1081 3150 1136 honorata:
3190 1084 3400 1138 militia:
3441 1085 3620 1140 clarus
3672 1087 3771 1140 sti-

2169 1164 2401 1231 pendiis.
2447 1167 2704 1234 Quicum
2753 1187 2920 1241 prope
2962 1171 3232 1228 Caesarem
3285 1175 3570 1241 adstaret,
3623 1176 3762 1232 ubid

2166 1254 2426 1312 adversos
2456 1260 2588 1313 vidit
2613 1261 2904 1328 Romanos,
2941 1264 3063 1334 quia
3087 1265 3258 1320 Judtei
3286 1283 3518 1324 numero
3543 1282 3768 1338 przeSIa-

2168 1344 2319 1412 bant,
2349 1359 2403 1402 et
2425 1349 2602 1404 adhuc
2625 1351 2852 1407 Romani
2886 1356 3168 1424 pauciores
3189 1357 3448 1424 aderant,
3494 1361 3674 1416 subito
3698 1362 3766 1416 de

2169 1436 2406 1494 Antonia
2460 1455 2519 1496 se
2551 1446 2848 1514 proripuit,
2897 1457 2951 1502 et
2997 1448 3346 1520 insequentes
3382 1454 3622 1509 avertit:
3667 1471 3766 1511 nec

2169 1540 2296 1585 sunt
2319 1534 2434 1587 ausi
2468 1536 2744 1604 resistere,
2775 1539 2888 1608 ipsa
2918 1542 3099 1610 specie
3119 1544 3605 1612 praecellentissimi
3640 1549 3763 1615 viri,

2170 1633 2224 1676 et
2251 1625 2484 1693 superba
2512 1629 2744 1697 quadam
2772 1632 2909 1685 ultra
2939 1631 3227 1687 humanam
3280 1633 3510 1690 formam
3553 1639 3769 1692 virtutis

2171 1718 2514 1780 auctoritate.
2547 1719 2620 1772 ita
2655 1729 2710 1773 ut
2736 1721 2850 1788 ipse
2880 1720 3062 1777 Caesar
3088 1724 3398 1780 miraretur.
3426 1726 3472 1782 Ο
3504 1727 3650 1782 varia
3686 1738 3770 1782 at-

469 1812 649 1857 tamen
678 1812 704 1840 τι
732 1814 1020 1861 consertus
1054 1808 1396 1874 vulneribus,
1431 1811 1682 1880 spiritum
1729 1813 1876 1881 prius
1905 1829 2064 1882 quam
2099 1823 2144 1882 Β
2173 1822 2277 1874 que
2306 1806 2536 1873 incerta,
2567 1809 2712 1864 velut
2735 1811 2982 1881 qu:t:tlam
3013 1813 3278 1869 bellorum
3309 1817 3458 1871 alea!
3487 1833 3606 1887 qua:
3627 1819 3770 1873 sicut

469 1896 665 1951 bellmn
691 1898 966 1968 deposuit,
995 1916 1097 1958 nec
1127 1903 1373 1973 dejeclus
1403 1905 1572 1974 gradu
1598 1947 1613 1971 ,
1658 1921 1759 1961 nec
1781 1922 1940 1961 muro
1970 1922 2067 1963 ex-

468 2003 660 2046 cussus
699 2002 803 2059 est,
832 1993 934 2048 nisi
960 2004 1204 2052 mortuus
1236 1997 1442 2052 :tribus
1462 2015 1678 2069 quoque
1697 1998 1817 2054 aliis
1839 2001 2065 2066 necatis,

468 2095 594 2140 octo
605 2086 931 2153 semineces,
950 2089 1077 2145 licet
1093 2107 1120 2142 a
1143 2091 1355 2146 caeteris
1382 2101 1562 2147 tamen
1586 2091 1759 2148 exitio
1779 2093 2064 2148 subtracti.

1039 2181 1268 2238 CAPUT
1295 2181 1494 2236 XXIX.

541 2269 702 2327 Necb
735 2280 940 2328 tantum
985 2290 1093 2329 non
1145 2277 1340 2330 terrori
1376 2277 1601 2346 reliquis
1648 2293 1796 2332 mors
1855 2277 2063 2348 Sabini,

469 2365 564 2422 sed
599 2366 877 2422 incentivo
911 2366 1026 2422 fuit.
1059 2367 1193 2423 Nam
1219 2369 1448 2424 Romani
1483 2371 1581 2424 viri
1624 2371 1714 2440 qui
1763 2372 2068 2441 praetende-

471 2470 594 2514 rant
621 2460 924 2530 vigiliarum
961 2462 1170 2528 munia,
1202 2476 1561 2532 compensare
1582 2463 1864 2532 cupientes
1885 2464 2068 2533 operis

468 2553 684 2618 effectu,
709 2553 853 2624 quod
885 2554 1070 2610 Sabini
1094 2555 1280 2611 studio
1320 2555 1582 2626 praavcnti
1623 2554 1834 2622 forent,
1878 2555 2066 2626 viginti

470 2663 697 2702 numero
730 2649 920 2704 ineunt
944 2651 1233 2706 consilium
1268 2665 1516 2720 magnum
1565 2658 1622 2705 et
1662 2650 2016 2706 memorabile
2051 2670 2065 2708 :

471 2749 530 2795 ut
578 2742 843 2799 advocato
898 2745 1072 2815 quinti
1126 2747 1338 2802 ordinis
1396 2747 1697 2818 signifero,
1751 2759 1805 2802 et
1857 2747 2068 2802 duobus

468 2840 741 2907 equestris
767 2839 976 2895 militiae
1007 2841 1136 2896 viris
1173 2857 1311 2912 quos
1341 2842 1705 2912 promptiores
1725 2841 2068 2897 arbitraban-

473 2940 577 2993 tur,
606 2941 770 3000 atque
796 2947 906 2986 uno
935 2933 1194 3000 tubicine,
1230 2933 1418 3003 quinta
1463 2934 1592 2988 hora
1629 2935 1805 2989 noctis
1849 2935 2068 2989 silentio

470 3038 568 3093 per
589 3038 813 3093 aggeres
849 3039 972 3079 sese
1019 3027 1445 3095 fragmentorum
1495 3028 1785 3081 muralium
1824 3027 1876 3080 in
1905 3042 2070 3095 supe-

473 3116 613 3170 riora
639 3116 978 3185 attollerent,
1007 3117 1273 3188 cresisquc
1300 3117 1921 3181 custodibus,Antoniae
1952 3136 2068 3173 Illu-

2167 1895 2315 1964 jactu
2345 1899 2600 1968 quodam,
2637 1902 2706 1955 ita
2736 1917 2864 1956 casu
2893 1903 3126 1974 quodam
3155 1907 3333 1975 potius
3360 1924 3523 1978 quam
3547 1910 3767 1977 virtute,

2173 1988 2493 2058 plerumque
2523 1992 2817 2062 inopinatis
2846 1994 2980 2049 ludit
3011 1998 3320 2064 eventibus,
3351 1999 3630 2054 sufficiens
3670 2016 3772 2055 no-

2172 2094 2267 2135 vos
2297 2083 2492 2137 exitus.
2528 2083 2771 2154 Namque
2800 2097 2851 2142 et
2885 2089 2968 2142 hic
2991 2088 3170 2156 jactus
3200 2099 3349 2155 sunt,
3399 2106 3508 2145 non
3530 2101 3772 2148 tessera-

2173 2189 2289 2228 rum
2317 2175 2556 2246 quidem,
2598 2179 2694 2234 sed
2736 2182 3075 2249 sagittarum,
3121 2184 3463 2255 telorumque
3488 2187 3719 2256 plurium
3750 2228 3768 2254 ,

2171 2263 2409 2334 lapidum
2434 2285 2672 2340 quoque,
2705 2273 2902 2342 quibus
2933 2290 3076 2344 srepe
3108 2276 3283 2331 victor
3313 2279 3576 2333 sternitur
3591 2280 3771 2335 alieno

2171 2361 2416 2418 vulnere.
2464 2363 2531 2418 Et
2570 2365 2698 2420 dum
2739 2368 2919 2422 aliena
2962 2370 3131 2438 spolia
3175 2371 3358 2440 rapit,
3416 2372 3534 2442 ipse
3577 2372 3770 2442 dispo-

2173 2453 2378 2509 liatur:
2422 2456 2565 2510 velut
2613 2457 2703 2513 hic
2746 2458 3032 2526 Julianus,
3098 2461 3186 2531 qui
3249 2472 3402 2532 tergo
3455 2463 3771 2518 imminebat

2172 2545 2430 2611 hostium,
2465 2548 2590 2602 dum
2624 2551 2760 2605 alios
2809 2552 3051 2620 perimit,
3104 2562 3160 2608 et
3205 2553 3450 2610 claustro
3501 2566 3767 2621 coercet,

2173 2641 2285 2710 ipsa
2330 2641 2616 2699 alacritate
2659 2646 2969 2712 incautior,
3017 2647 3289 2702 confixum
3347 2649 3517 2705 clavis
3561 2651 3774 2705 calcea-

2172 2740 2413 2787 mentum
2444 2752 2660 2804 gerens,
2699 2752 2796 2791 usu
2825 2739 3142 2795 militarium
3178 2742 3422 2797 virorum
3452 2762 3466 2797 :
3501 2758 3609 2798 non
3636 2759 3775 2799 Con-

2171 2823 2431 2879 sideravit
2463 2827 2631 2895 polito
2666 2829 2846 2898 lapide
2877 2829 3056 2886 solum
3088 2842 3344 2898 stratum,
3382 2835 3525 2906 quod
3571 2851 3776 2892 caven-

2171 2915 2296 2970 dum
2345 2918 2517 2986 foret;
2567 2923 2661 2976 sed
2703 2923 2858 2994 quasi
2899 2925 2951 2979 in
2991 2942 3184 2996 campo
3231 2929 3570 2997 praeliaretur
3614 2947 3775 2988 secu-

2173 3025 2287 3076 rus,
2319 3012 2555 3080 labitur,
2601 3026 2654 3070 et
2704 3017 2978 3087 ingentem
3032 3029 3214 3091 strage
3259 3037 3356 3077 sua
3404 3025 3642 3078 smiitum
3670 3023 3775 3079 de-

2172 3103 2269 3158 dit.
2305 3104 2414 3161 Nec
2446 3109 2618 3176 potuit
2660 3126 2949 3182 assurgere
2995 3114 3205 3170 lubrico
3226 3117 3343 3171 solo
3385 3116 3577 3183 fusus,
3623 3135 3773 3189 genu

472 3225 590 3262 rtun
621 3219 975 3280 occuparent.
1008 3211 1126 3279 Quo
1151 3221 1402 3280 peracto,
1435 3211 1728 3266 terribilior
1775 3211 1936 3267 solito
1981 3227 2068 3265 so—
2094 3215 2138 3276 C
2174 3205 2353 3253 “lmen
2399 3213 2460 3254 50
2503 3203 2779 3260 ευδῑίηεηε
2808 3247 2822 3272 ν
2871 3221 3181 3278 regressum
3225 3209 3437 3266 hostem
3473 3211 3776 3282 "993”ch

473 3302 620 3356 nitus
647 3301 919 3372 increpuit
944 3304 1110 3371 tubze,
1144 3313 1200 3358 ut
1229 3305 1353 3360 fessi
1381 3305 1564 3358 labore
1585 3303 1758 3360 Judmi
1779 3315 1834 3359 et
1873 3319 2068 3359 somno

471 3394 658 3460 soluti,
691 3395 760 3450 de
793 3398 1088 3466 improviso
1120 3397 1593 3467 perturbarentur,
1625 3397 1748 3467 quia
1775 3399 1955 3453 omnia
1987 3414 2072 3454 re-

473 3487 614 3556 pleta
647 3486 890 3541 hostibus
913 3487 1224 3542 crederent.
1256 3488 1398 3542 Ante
1435 3491 1615 3558 itaque
1663 3490 1850 3559 fugere
1889 3504 2072 3559 caspe-

474 3586 619 3643 runt,
649 3594 813 3649 quam
844 3579 957 3634 veri
989 3579 1124 3634 fides
1158 3589 1391 3650 pateret.
1425 3581 1614 3650 Neque
1650 3583 1794 3636 enim
1845 3582 2070 3651 perienli

472 3685 593 3725 sors
618 3673 1032 3742 tenebrosaeqne
1055 3677 1232 3730 noctis
1250 3675 1426 3745 caligo
1450 3675 1778 3745 patiebatur,
1807 3685 1864 3730 ut
1884 3677 2070 3746 quanti

473 3775 676 3832 essent,
698 3776 1145 3838 cognosceretur.
1173 3769 1240 3822 Et
1260 3767 1444 3823 Ca-sar
1465 3767 1649 3824 audito
1673 3768 1886 3840 fragore
1907 3769 2070 3834 tubte,

477 3859 675 3913 armari
709 3861 1182 3930 exercitumjubet
1214 3879 1226 3914 :
1267 3862 1383 3931 ipse
1413 3877 1537 3918 cum
1564 3861 1757 3917 eleCtis
1781 3863 1990 3932 primus
2019 3861 2071 3915 in

479 3968 690 4007 murum
713 3953 980 4021 ascendit,
1013 3954 1128 4010 suis
1144 3956 1371 4023 auxilio,
1397 3957 1642 4012 hostibus
1661 3956 2069 4026 impedimento.

474 4043 658 4099 Illuxit
686 4045 827 4112 dies,
859 4055 915 4101 et
939 4047 1050 4116 jam
1085 4048 1268 4103 Caesar
1302 4052 1629 4118 conspicuus
1669 4066 1700 4104 e
1748 4065 1904 4104 muro
1946 4065 2075 4104 suos

476 4137 867 4192 adhortabatur
903 4155 916 4192 :
949 4139 1041 4193 alii
1073 4140 1327 4195 manibus
1351 4157 1574 4196 suorum
1620 4142 1674 4195 in
1721 4157 1935 4196 murum
1964 4140 2076 4197 ele-

477 4230 767 4296 vabantur,
824 4231 918 4286 alii
968 4247 1062 4302 per
1111 4235 1450 4298 cuniculum,
1507 4249 1666 4304 quem
1722 4233 1960 4289 Joannes
2007 4234 2075 4288 ad

477 4321 876 4378 subvertendos
898 4322 1266 4380 Romanorum
1299 4342 1526 4397 aggeres
1559 4326 1864 4394 defoderat,
1896 4327 1948 4382 in
1980 4343 2074 4382 ur-

479 4415 600 4470 bem
651 4431 712 4471 se
743 4427 764 4454 ε
793 4415 1136 4474 deferebant.
1183 4419 1349 4475 Versa
1407 4420 1459 4475 in
1517 4421 1814 4491 perniciem
1849 4421 2077 4494 perfidis

476 4509 720 4564 subsidia
759 4525 854 4565 sua
882 4552 896 4574 ,
940 4513 1145 4566 exclusi
1197 4513 1435 4581 undique
1465 4513 1517 4569 in
1551 4515 1811 4586 templum
1838 4531 1898 4572 se
1945 4531 2078 4571 con-

2175 3299 2229 3343 ut
2281 3296 2788 3365 appropinquantes
2837 3299 3108 3367 cmdcret,
3153 3301 3458 3372 jaculanles
3507 3314 3774 3374 quantum

2174 3395 2378 3451 posset,
2409 3399 2649 3444 caveret.
2690 3390 2793 3446 Sed
2826 3393 2938 3462 ipsa
2971 3395 3225 3464 fatigatus
3267 3404 3428 3465 atque
3477 3411 3777 3468 oppressus

2176 3475 2546 3544 multitudine,
2577 3481 2726 3534 solus
2749 3481 2898 3549 licet,
2933 3485 3054 3554 quia
3110 3485 3288 3540 nullus
3321 3495 3474 3542 tanto
3516 3503 3576 3542 se
3624 3490 3781 3545 inse-

2176 3584 2299 3625 rere
2332 3573 2575 3638 periculo
2602 3574 2850 3639 auderet,
2885 3591 2992 3632 non
3020 3576 3369 3648 despicabilis
3402 3589 3616 3646 tamen,
3670 3597 3776 3637 ue-

2175 3679 2281 3734 que
2321 3665 2545 3736 inultus,
2577 3669 2803 3739 impigre
2846 3673 3120 3726 occubuit.
3173 3673 3322 3727 Haud
3369 3674 3662 3742 equidem,
3717 3685 3778 3730 ut

2177 3758 2451 3826 arbitror,
2513 3761 2600 3815 tali
2651 3762 2843 3832 dignus
2897 3765 3045 3820 exitu
3091 3765 3227 3831 fuit,
3285 3776 3341 3820 ttt
3393 3776 3540 3821 tanta
3597 3769 3776 3824 virtus

2177 3850 2277 3903 viri
2309 3849 2387 3906 sic
2417 3851 2785 3924 deciperetur.
2836 3855 2942 3911 Sed
2993 3857 3282 3927 plurimum
3337 3858 3391 3912 in
3446 3859 3592 3914 bello
3647 3877 3777 3930 pru-

2177 3942 2359 3997 dentia
2394 3947 2558 4010 valet,
2597 3963 2717 4017 qua:
2746 3957 2900 4002 cauta
2931 3963 3151 4018 semper
3182 3956 3238 4004 et
3279 3950 3562 4020 perspicax
3599 3952 3778 4007 incer-

2180 4045 2356 4091 torum
2387 4039 2635 4108 providet
2681 4056 2860 4095 casus.
2893 4041 3054 4097 Solus
3096 4058 3154 4098 se
3203 4043 3272 4098 de
3317 4044 3552 4099 Antonia
3597 4049 3778 4117 prori-

2180 4129 2319 4199 puit,
2344 4131 2493 4186 solus
2518 4133 2567 4186 in
2598 4131 2817 4188 hosﬁlia
2841 4135 3054 4203 agmina
3091 4137 3219 4202 ruit,
3246 4137 3394 4191 solus
3441 4153 3503 4192 se
3548 4139 3777 4195 armatis

2179 4222 2394 4276 miscuit
2432 4264 2446 4288 ,
2517 4224 2669 4279 solus
2710 4226 2760 4279 iit
2817 4229 3076 4297 templum
3122 4227 3340 4283 Juda'os
3387 4228 3570 4285 redire
3624 4245 3778 4286 com-

2181 4315 2338 4385 pulit.
2373 4316 2577 4372 Vereor
2606 4333 2674 4373 ne
2704 4319 2850 4375 istud
2873 4321 3114 4377 obl'uerit
3142 4322 3312 4394 magis
3332 4365 3347 4391 ,
3383 4322 3509 4394 quia
3540 4323 3608 4379 de
3639 4334 3778 4380 tem-

2182 4410 2270 4478 plo
2301 4411 2520 4465 fuerunt
2545 4414 2943 4468 exterminandi
2975 4415 3089 4471 Deo
3120 4415 3388 4486 infideles,
3441 4418 3567 4474 ideo
3593 4419 3778 4488 lapsus

2182 4516 2289 4557 non
2350 4504 2554 4559 invenit
2609 4505 2934 4560 remedium.
3009 4505 3300 4576 Spectabat
3353 4508 3510 4563 Titus
3554 4511 3780 4565 vincen-

479 4603 674 4657 ferunt.
709 4604 784 4658 Eo
813 4620 1028 4675 quoque
1054 4607 1301 4662 volentes
1349 4607 1582 4663 Romani
1629 4609 1842 4664 iri-uere
1865 4650 1882 4676 ,
1926 4611 2069 4664 cohi-

2182 4604 2287 4650 tem
2337 4611 2460 4652 cum
2507 4598 2746 4668 gaudio,
2795 4601 3192 4670 periclitantem
3240 4617 3362 4658 cum
3423 4603 3628 4675 ingenti
3679 4606 3780 4661 do-

480 4697 675 4752 bentur
702 4699 966 4768 augustiis
997 4699 1274 4771 armisque
1301 4701 1661 4770 repelluntur.
1695 4701 1780 4756 Fit
1804 4701 1869 4770 .in
1909 4703 2073 4756 vesti-

478 4789 609 4843 bulo
639 4804 807 4858 grave
837 4791 1112 4859 praelium,
1147 4808 1248 4845 nec
1278 4792 1390 4862 jam
1428 4794 1650 4861 spiculis
1700 4803 1793 4848 aut
1840 4795 2074 4864 sagittis,

475 4883 570 4938 sed
590 4883 785 4954 gladiis
800 4883 1048 4939 cominus
1061 4886 1290 4954 geritur,
1309 4901 1498 4940 manus
1521 4886 1586 4940 ad
1601 4886 1850 4948 vulnera,
1865 4887 2078 4955 gladius

479 4991 646 5045 super
675 4977 1093 5046 gladiom,ictus
1117 4978 1482 5046 superictum,
1500 4993 2073 5049 percussorczesorum

477 5069 740 5139 sanguine
790 5070 1241 5139 perfundebatur,
1285 5080 1344 5126 nt
1392 5075 1506 5141 ipse
1550 5074 1732 5144 potius
1786 5087 2076 5143 percussus

475 5164 858 5217 mstimaretur.
884 5162 940 5217 ln
972 5163 1091 5235 ipso
1114 5165 1320 5233 templo
1351 5165 1504 5220 furor
1521 5166 1744 5222 bellicos
1761 5167 2076 5223 dominaba-

475 5265 581 5310 tur.
609 5253 879 5310 Natabaut
910 5258 1217 5325 pavimenta
1246 5260 1512 5328 sanguine
1546 5277 1558 5313 :
1592 5261 1938 5315 morientium
1983 5277 2078 5331 ge-

475 5349 671 5413 mitus,
705 5347 1038 5404 vincentium
1087 5349 1356 5406 clamores
1397 5353 1517 5407 sine
1568 5353 1761 5408 ordine
1808 5363 1864 5409 et
1911 5354 2073 5409 modo

473 5441 881 5512 personabant:
911 5439 1185 5496 Romanos
1225 5442 1545 5513 perficiendi
1584 5446 1899 5501 certaminis
1947 5461 2074 5516 spes

469 5533 1036 5601 accenderat,Judteis
1059 5549 1307 5606 suprema
1326 5538 1513 5608 patria:
1526 5539 1734 5596 excidia
1757 5539 2076 5599 ademerant

542 5727 567 5788 _I
599 5715 896 5788 Qortfectus.
932 5720 1100 5777 BABB.

545 5786 572 5824 δ
607 5786 822 5843 Tantm.
851 5790 926 5844 Ib.

2181 4687 2296 4743 lore
2334 4689 2946 4760 :volebatsubvenire,
2991 4693 3085 4748 sed
3135 4693 3292 4764 longe
3339 4695 3550 4750 aberat.
3601 4695 3780 4752 Revo—

2180 4785 2409 4841 cabatur
2437 4803 2466 4841 a
2495 4790 2607 4842 suis
2631 4831 2645 4856 ,
2681 4789 2806 4859 quia
2858 4790 2910 4843 in
2963 4789 3136 4845 milite
3162 4791 3322 4844 unius
3366 4806 3488 4846 sors
3543 4800 3626 4846 est
3657 4833 3671 4857 ,
3725 4795 3778 4848 in

2181 4881 2511 4951 imperatore
2543 4884 2927 4938 universorum
2959 4883 3256 4952 periculum
3293 4900 3305 4937 :
3335 4883 3566 4938 docebat
3590 4898 3779 4940 exeru-

2183 4975 2352 5043 plum,
2380 4973 2507 5043 quid
2540 4975 2842 5031 cavendum
2871 4977 3071 5045 potius,
3102 4990 3260 5045 quam
3290 4975 3626 5044 sequendum
3653 4977 3777 5031 Cte-

2183 5068 2293 5122 sari
2345 5068 2506 5124 foret.
2556 5069 2800 5140 Denique
2844 5069 2924 5125 sic
2967 5071 3297 5124 consternati
3343 5071 3561 5124 fuerunt
3601 5071 3773 5138 socii,

2183 5161 2262 5216 sic
2303 5161 2436 5217 elati
2471 5162 2803 5227 adversarii,
2854 5171 2913 5216 ut
2963 5170 3020 5217 et
3066 5177 3264 5231 corpus
3311 5160 3511 5216 Juliani
3544 5161 3597 5216 in
3630 5171 3780 5232 pote-

2180 5268 2374 5315 statem
2409 5257 2622 5313 veniret
2650 5256 2914 5322 hostium,
2943 5256 3100 5325 quasi
3147 5253 3323 5307 adhuc
3371 5263 3424 5308 et
3463 5253 3776 5310 defunctum

2181 5353 2458 5416 timerent,
2491 5351 2534 5404 si
2574 5347 2837 5403 Romanis
2879 5345 3286 5401 restitueretur.
3317 5341 3513 5400 Caeteri
3560 5344 3776 5400 Juliano

2178 5459 2348 5511 caeso,
2380 5443 2524 5498 facili
2557 5443 2776 5512 negotio
2817 5453 3053 5496 cessere.
3105 5436 3352 5491 Nondum
3392 5437 3539 5492 enim
3586 5451 3776 5492 ascen-

2177 5537 2373 5592 derant
2404 5534 2702 5602 numerosi,
2732 5541 2788 5591 et
2811 5531 3014 5590 Judaeis
3043 5529 3262 5587 occasio
3305 5529 3456 5586 necis
3502 5530 3621 5601 ejus
3661 5531 3772 5584 vir.

2257 5737 2279 5765 ο
2313 5724 2634 5796 Inferebant.
2659 5725 2736 5781 In.

2257 5797 2281 5834 ι¹
2312 5800 2548 5853 Aversor.
2575 5797 2650 5856 ιο.
