3948 6386
142 354 280 409 2177
1011 348 1287 409 IIISTOR.
1333 350 1419 407 DE
1464 349 1743 408 EXCIDIO
1781 349 2058 409 HIEROS.
2105 350 2329 409 URBIS.
2371 350 2501 409 LIB.
2546 351 2612 408 V.

3292 348 3437 410 2178

143 478 308 525 tutem
347 473 574 521 auxerat
605 482 618 519 :
649 464 1074 537 promptissimis
1119 480 1189 522 eo
1227 464 1419 536 praelio
1460 464 1527 520 ad
1559 464 1737 535 repel-
1763 471 1817 532 Α
1842 464 2011 521 belles
2051 464 2251 522 civium
2299 465 2512 521 animos
2563 462 2703 519 tulit.
2761 462 2891 519 Fide
2931 477 3050 520 mea
3078 503 3092 528 ,
3141 462 3290 519 salva
3321 468 3437 521 hare

142 562 330 619 lcndos
369 561 641 616 liomauos
689 558 857 615 Aléxa
907 567 963 615 et
993 568 1020 597 ⁸
1047 559 1231 616 Gitteo
1278 558 1507 615 Joannis
1550 560 1743 629 conju-
1843 559 2024 614 omnia
2054 559 2148 614 tibi
2181 558 2355 613 futura
2397 557 2678 629 spondeo,
2732 557 2944 613 veniam
2977 557 3072 612 tibi
3101 556 3296 612 salutis
3326 557 3442 628 pol-

3257 0 3559 13 me

2449 30 2817 55 #H—n—F—x-

1326 52 3419 107 Μ’
3444 62 3461 69 ·“
3478 54 3505 69 ⁴

2070 88 2085 93 Μ·
2110 82 2121 91 ¹
2328 94 2339 95 7
2566 92 2575 93 κ
2630 94 2633 95 ν
2674 90 2685 93 -ι
2712 90 2739 93 -
3020 88 3037 93 ω
3098 90 3115 93 _
3162 86 3219 93 π-ι-ι
3250 86 3305 93 -ιυι
3338 86 3381 93 -Ι--
3404 86 3433 91 -
3452 86 3463 91 -

136 655 270 711 ratis
295 694 311 720 ,
353 653 448 726 qui
487 651 742 709 factionis
776 652 899 723 ejus
945 662 1377 725 propugnatores
1419 651 1603 709 forent
1630 671 1643 706 :
1675 667 1742 708 ex

142 747 380 804 Simonis
408 761 625 818 quoque
673 754 826 817 parte
866 744 1100 801 Melcbio
1137 753 1194 800 et
1240 744 1447 800 Jacoho
1479 743 1747 800 Idumaeo-

142 857 259 898 rum
288 841 432 897 duce
475 839 711 913 egregiis
754 840 1109 896 bellatoribus
1140 857 1153 894 :
1187 840 1481 895 Arsimone
1527 851 1747 909 quoque

144 947 191 989 et
242 932 381 989 Juda
427 933 601 988 tertiae
640 930 893 986 factionis
935 930 1066 985 viris
1109 930 1312 1001 pariter
1346 927 1743 993 adnitentibus,

147 1026 236 1098 qui
264 1025 555 1096 conjuncta
572 1040 732 1081 manu
764 1023 951 1095 pulsos
971 1022 1251 1079 Romanos
1275 1022 1415 1078 intra
1455 1021 1746 1079 Antoniam

149 1121 416 1176 clausere.

715 1207 947 1265 CAPUT
977 1206 1173 1265 XXXI.

221 1304 424 1362 Contra
453 1304 607 1360 Titus
645 1318 754 1359 non
800 1302 1138 1357 munimento
1193 1298 1336 1365 sibi,
1383 1296 1481 1354 sed
1524 1294 1753 1367 impedi-

156 1408 335 1457 mento
361 1396 640 1469 angustias
663 1396 917 1452 Antonia:
944 1403 1117 1461 ratus,
1139 1392 1295 1464 jubet
1322 1390 1464 1446 dirui
1492 1390 1753 1445 munitio-

159 1509 275 1549 nem
308 1491 426 1563 ejus
457 1489 699 1546 funditus
726 1531 741 1556 ,
794 1498 852 1543 ut
892 1484 1274 1557 congressuris
1316 1484 1417 1540 iter
1456 1482 1509 1538 in
1537 1482 1752 1537 hostem

158 1586 478 1657 aperiretur.
524 1582 927 1653 Compertoque
987 1579 1129 1652 quod
1182 1577 1500 1634 solemuitas
1552 1574 1755 1631 Judaeis

161 1677 414 1734 iustorum
456 1674 666 1732 dierum
699 1674 1232 1743 appropinquasset,
1282 1670 1542 1740 praecepit
1585 1665 1755 1722 inter-

161 1771 355 1844 pretari
396 1767 695 1839 Josephum
726 1766 955 1822 Hebraeo
994 1778 1254 1821 sermone
1276 1804 1290 1827 ,
1323 1777 1446 1833 quin
1474 1761 1589 1831 ipse
1612 1758 1755 1815 allo-

1845 653 2035 721 liceor,
2067 668 2172 708 non
2202 667 2302 723 pro
2327 652 2581 709 mercede
2619 651 2843 708 sceleris
2865 692 2882 719 ,
2933 651 3029 708 sed
3064 667 3164 723 pro
3190 651 3442 722 redemp-

1849 746 1994 803 tione
2022 745 2192 812 urbis,
2226 755 2283 801 ut
2309 762 2339 800 a
2370 754 2422 802 te
2455 746 2717 803 redimam
2745 745 3113 817 periturorum
3143 746 3444 804 culminum

1845 846 2068 894 statum.
2120 838 2348 894 Desinas
2376 852 2572 894 moneo
2611 837 2915 894 latrociniis
2958 838 3066 894 tuis
3110 839 3445 896 conturbare

1848 932 2183 1001 propositum
2224 930 2438 1001 pietatis
2485 931 2763 987 Romanae.
2812 930 2929 986 Non
2978 942 3000 971 ο
3060 930 3443 988 formidabitur

1850 1023 2246 1096 Hierosolyma,
2276 1032 2335 1078 ut
2354 1023 2634 1079 diruatur:
2664 1023 2883 1094 quando
2910 1024 3092 1096 potior
3119 1023 3326 1080 viribus
3356 1039 3445 1081 re-

1848 1125 2060 1171 servata
2083 1125 2165 1171 est
2186 1116 2495 1171 Antiochia.
2518 1114 2682 1172 Certe
2709 1115 3001 1173 Jechonias
3031 1124 3216 1173 vester
3240 1128 3295 1171 et
3320 1116 3450 1173 Per-

1850 1210 1926 1264 sis
1956 1209 2186 1265 credidit
2213 1250 2228 1275 ,
2272 1220 2325 1266 et
2353 1211 2543 1266 urbem
2573 1225 2824 1281 egressus
2855 1251 2871 1278 ,
2916 1210 3189 1266 commisit
3228 1224 3290 1266 se
3320 1224 3446 1266 cum

1854 1304 1968 1360 suis
1992 1304 2257 1376 proximis
2283 1303 2571 1361 barbarico
2594 1303 2788 1371 furori,
2817 1318 2889 1360 ne
2920 1312 3142 1375 propter
3169 1318 3230 1359 se
3258 1303 3450 1361 civitas

1852 1403 2210 1452 everteretur.
2240 1395 2558 1452 Celebratur
2585 1410 2614 1449 a
2643 1395 2798 1451 vobis
2827 1394 2947 1466 ejus
2973 1394 3259 1460 memoria,
3288 1394 3450 1450 sicuti

1854 1489 2022 1545 vestri
2049 1499 2298 1545 asserunt
2324 1506 2338 1545 :
2372 1489 2425 1545 id
2454 1499 2537 1545 ρει
2563 1489 2833 1560 Josepltus
2861 1499 3104 1545 assertor
3136 1489 3277 1559 ejus,
3305 1488 3454 1544 cele-

1856 1582 2177 1652 britatisque
2207 1583 2384 1648 testis,
2416 1597 2521 1652 qua
2553 1580 2835 1637 honoratis
2861 1581 3035 1636 virum
3063 1621 3078 1648 ,
3107 1582 3200 1652 qui
3231 1595 3329 1651 pro
3358 1595 3456 1651 pa-

1858 1672 1961 1728 tria
1988 1688 2048 1728 se
2077 1672 2378 1742 captivitati
2406 1672 2620 1731 obtulit.
2676 1672 2925 1729 Servavit
2949 1688 3071 1728 eum
3100 1681 3153 1729 et
3190 1673 3457 1729 barbarus

1859 1763 2023 1820 Persa
2049 1807 2064 1831 ,
2112 1775 2167 1821 et
2210 1780 2312 1837 ego
2347 1766 2439 1821 tibi
2487 1766 2731 1836 spondeo
2759 1766 3156 1836 impunitatem.
3201 1764 3363 1823 Certe
3400 1775 3459 1823 et

162 1874 431 1935 queretur.
462 1862 616 1931 Quae,
645 1860 844 1917 malum
869 1861 882 1914 !
913 1859 1055 1914 ratio
1085 1857 1280 1913 Joanni
1311 1853 1568 1911 suaderet
1597 1895 1613 1921 ,
1640 1861 1699 1909 ut
1726 1851 1755 1892 ι)
1786 1878 1835 1939 Β
1859 1857 2127 1928 Joseplius
2158 1874 2306 1913 arma
2334 1858 2594 1914 Romanis
2622 1858 2850 1915 adversa
2875 1861 3055 1915 intulit
3080 1878 3093 1914 :
3139 1860 3302 1917 crede
3329 1876 3459 1931 pro—

163 1956 431 2011 Romanos
462 1955 772 2010 lacesseret.
823 1952 879 2008 Si
926 1951 1146 2007 virtutis
1194 1948 1448 2004 ﬁduciam
1497 1954 1754 2018 gereret,

164 2049 384 2120 eligeret
428 2047 594 2103 alium
652 2061 845 2117 pugna:
901 2045 1129 2100 locum:
1191 2058 1258 2098 eo
1297 2039 1755 2112 progrederetur,

166 2140 456 2197 dummodo
498 2138 618 2195 urbi
672 2135 1244 2209 parceret:templum
1288 2149 1397 2190 non
1425 2133 1763 2188 contamina-

168 2242 265 2301 ret,
292 2233 559 2290 sacrilicia
589 2231 850 2287 festorum
882 2231 1093 2285 dierum
1121 2242 1228 2283 non
1253 2225 1571 2296 impediret:
1597 2222 1764 2279 relin-

168 2337 348 2400 queret
376 2342 517 2399 ques
547 2325 774 2382 idoneos
822 2322 1214 2380 sacriﬁciorum
1262 2318 1580 2376 ministeriis
1618 2317 1766 2374 ως)ιί-

171 2419 456 2485 ntavisset;
499 2416 831 2473 fortitudinis
876 2431 990 2471 suae
1036 2414 1425 2469 documentum
1474 2411 1565 2467 ubi
1598 2408 1767 2465 vellet

175 2520 358 2581 praeter
375 2510 567 2566 urbem
600 2520 655 2565 et
676 2507 960 2579 templum,
1009 2506 1198 2563 ederet
1226 2522 1240 2560 :
1272 2502 1645 2575 congressioni
1668 2502 1770 2556 mi-

175 2604 287 2661 lites
312 2603 547 2661 Caesaris
573 2618 679 2660 non
706 2603 1031 2658 defuturos:
1079 2600 1306 2655 invitum
1350 2613 1411 2654 se
1439 2597 1560 2668 cogi
1592 2596 1657 2651 ad
1689 2604 1768 2650 to-

179 2700 277 2755 tius
302 2699 453 2755 urbis
484 2698 828 2755 eversionem
856 2712 872 2749 :
915 2698 1071 2766 cujus
1117 2693 1374 2763 reliquias
1413 2705 1635 2747 servare
1660 2689 1773 2745 vel-

178 2794 240 2849 let
267 2836 280 2861 ,
307 2793 352 2851 si
381 2802 661 2864 pateretur
700 2791 941 2848 Joannes
967 2808 979 2843 :
1013 2788 1297 2845 imminere
1348 2784 1550 2856 templo
1580 2783 1730 2840 faces
1755 2824 1770 2849 ,

180 2904 278 2946 non
307 2888 452 2960 quod
483 2888 743 2958 templum
780 2884 1011 2940 Romani
1053 2881 1374 2939 leSIinarent
1395 2894 1649 2946 exurere,
1678 2876 1775 2932 sed

182 2995 210 3036 e
231 2981 423 3051 templo
452 2979 685 3036 educere
712 2976 1193 3034 belliincitatores.
1222 2972 1280 3027 Si
1300 2972 1470 3026 victos
1495 2985 1556 3027 se
1585 2967 1776 3025 crede-

184 3086 317 3141 rent,
347 3089 542 3130 manus
566 3072 789 3129 darent:
817 3080 872 3125 at
895 3070 939 3127 si
962 3073 1200 3125 victores
1226 3064 1439 3120 futuros
1459 3068 1773 3134 sperarent,

186 3185 283 3224 nou
310 3170 447 3225 intra
478 3168 717 3223 claustra
761 3179 820 3221 se
855 3164 1205 3235 reciperent,
1239 3159 1334 3215 sed
1367 3158 1421 3213 in
1452 3157 1659 3226 campis
1689 3154 1778 3209 de-

1863 1951 2030 2007 misso
2053 1991 2069 2019 ,
2098 1953 2253 2021 cujus
2280 1961 2336 2008 et
2361 1954 2667 2022 exemplum
2699 1954 3082 2024 praemisimus.
3128 1953 3333 2011 Vadem
3363 1955 3462 2011 tibi

1862 2043 2169 2113 sponsionis
2200 2052 2401 2100 nostra:
2416 2044 2712 2115 Josephum
2737 2046 2929 2102 damus
2956 2065 2971 2103 :
3022 2051 3188 2103 immo
3223 2048 3335 2116 jam
3366 2047 3463 2105 de-

1863 2136 2059 2204 dimus,
2103 2153 2261 2209 quem
2293 2140 2711 2196 reservavimus.
2739 2140 3018 2212 Loquatur
3035 2141 3187 2198 vobis
3203 2155 3463 2199 sermone

1865 2231 2064 2301 patrio,
2094 2231 2297 2303 obliget
2326 2247 2387 2288 se
2414 2232 2517 2288 ritu
2539 2247 2647 2303 quo
2676 2234 2866 2290 soletis
2891 2251 2903 2288 :
2935 2250 3045 2290 non
3072 2234 3237 2306 pudet
3260 2250 3346 2291 me
3371 2251 3466 2291 va-

1867 2324 1991 2378 dem
2021 2338 2288 2394 quaerere,
2324 2323 2699 2395 ﬁdejussorem
2730 2325 2861 2383 dare
2884 2366 2902 2395 ,
2933 2343 3001 2385 ne
3030 2343 3341 2385 eversorem
3372 2345 3471 2386 ex-

1870 2415 2086 2471 hibeam
2111 2460 2125 2484 ,
2156 2417 2249 2488 qui
2277 2417 2403 2472 volo
2432 2433 2674 2488 parcere.
2720 2420 2879 2476 Flere
2907 2422 2972 2477 ad
3016 2423 3132 2479 haec
3152 2422 3427 2496 Josepltus
3450 2465 3466 2492 ,

1871 2524 2065 2582 rogare
2091 2509 2381 2576 Joannem,
2408 2511 2698 2583 deplorare
2720 2515 2905 2584 patriae
2930 2523 3154 2584 statum,
3179 2517 3471 2574 obsecrare

1870 2617 2129 2659 sermone
2158 2602 2343 2673 ﬂebili,
2372 2604 2652 2675 appellare
2684 2616 2741 2661 ut
2767 2607 2963 2675 civem,
2993 2608 3087 2664 sed
3107 2611 3322 2667 eteteris
3343 2626 3473 2681 per-

1874 2696 2190 2752 tinaciorem
2218 2714 2231 2751 :
2267 2706 2468 2754 testare
2502 2698 2595 2754 Dei
2626 2699 3011 2771 omnipotentis
3046 2702 3275 2772 gratiam
3300 2744 3316 2769 ,
3365 2706 3473 2758 sal-

1873 2804 1997 2844 vum
2027 2788 2144 2844 fore
2169 2804 2290 2844 cum
2320 2790 2467 2856 suis;
2502 2791 2877 2848 tantummodo
2904 2792 3198 2850 desisteret
3224 2795 3471 2853 excitare

1878 2881 2105 2936 militem
2159 2881 2464 2938 Romanum
2506 2882 2574 2937 ad
2612 2883 2764 2940 urbis
2790 2884 3152 2942 eversionem.
3185 2888 3355 2955 Quem
3385 2888 3479 2946 ubi

1878 2973 2098 3031 ﬂectere
2146 2976 2423 3048 nequivit:
2469 2976 2586 3032 Non
2615 2978 2812 3033 mirum
2833 3019 2849 3047 ,
2882 2978 3100 3050 inquit,
3128 2979 3401 3049 Joannes,
3432 2983 3477 3038 si

1881 3083 2197 3138 perseveras
2219 3084 2391 3139 usque
2421 3069 2489 3124 ad
2518 3069 2790 3125 excidium
2825 3070 3015 3142 patriae
3038 3113 3055 3141 ,
3094 3087 3215 3128 cum
3239 3072 3349 3143 jam
3392 3088 3483 3130 rc-

1874 3161 2133 3232 liquerint
2182 3178 2302 3218 eam
2356 3162 2603 3233 praesidia
2649 3162 2850 3219 divina.
2912 3163 3019 3221 Sed
3091 3166 3287 3221 mirum
3330 3164 3477 3237 quod

189 3261 506 3326 fenderent,
554 3274 662 3330 quo
706 3256 971 3328 templum
1025 3252 1333 3310 labentibus
1370 3250 1482 3322 jam
1515 3246 1777 3304 incendiis
1804 3265 1851 3331 C
1884 3256 2178 3327 perituram
2227 3272 2335 3312 non
2372 3258 2588 3327 credis,
2640 3273 2764 3313 cum
2794 3258 2991 3330 legeris
3029 3258 3379 3329 ριιοριιθιίαοε
3408 3260 3480 3316 li-

190 3355 504 3424 eriperetur,
536 3359 755 3407 vacaret
786 3346 1275 3421 puriﬁcatiouibus.
1309 3343 1379 3398 Et.
1406 3344 1775 3412 interpretan-

194 3455 240 3501 te
284 3445 486 3503 Judaeis
536 3443 808 3515 Josepho,
850 3457 973 3498 cum
1028 3439 1245 3495 silentio
1282 3437 1463 3491 audita
1489 3476 1504 3501 ,
1560 3434 1782 3489 tacitum

192 3540 369 3612 vulgus
414 3538 723 3611 probabat,
770 3535 866 3592 sed
912 3533 1193 3590 metuebat
1240 3528 1565 3586 sententiam
1631 3540 1784 3581 suam

195 3634 418 3704 pandere
448 3649 463 3687 :
499 3630 695 3703 quibus
726 3627 1023 3699 respondet
1064 3625 1302 3683 Joannes
1329 3663 1345 3688 ,
1390 3621 1599 3676 nullum
1650 3633 1788 3690 prai-

196 3728 430 3784 stabilius
466 3727 575 3782 Deo
603 3739 724 3781 esse
748 3722 1075 3779 sacriﬁcium
1106 3762 1120 3785 ,
1164 3733 1324 3790 quam
1356 3731 1454 3788 pro
1496 3714 1606 3770 aris
1631 3756 1644 3780 ,
1693 3728 1791 3783 pro

200 3820 346 3890 iocis,
370 3835 475 3893 pro
506 3818 708 3890 templo
738 3832 939 3888 ponere
963 3816 1196 3870 animam
1225 3855 1239 3878 ,
1285 3812 1434 3866 viros
1458 3810 1573 3866 Deo
1613 3823 1792 3864 sacra-

202 3922 313 3969 tos:
345 3922 399 3971 et
419 3913 545 3969 ideo
575 3913 618 3966 si
645 3925 875 3967 necesse
906 3910 998 3974 sit,
1044 3906 1275 3962 libenter
1303 3903 1663 3975 procumbere
1696 3915 1794 3969 pro

202 4003 439 4061 libertate
464 4046 479 4070 ,
513 4013 694 4059 tamen
723 4017 945 4073 sperare
975 4015 1035 4056 se
1057 4041 1071 4067 ,
1105 3997 1249 4070 quod
1281 3996 1550 4054 excidium
1584 3994 1795 4065 perpeti

205 4113 303 4155 non
332 4100 506 4172 possit
532 4099 725 4154 civitas
755 4098 870 4153 Dei.
906 4096 1061 4151 Titus
1104 4095 1172 4149 ad
1211 4092 1367 4148 hmo:
1410 4091 1604 4147 Merito
1637 4091 1798 4162 igitur

205 4193 513 4262 puramDeo
539 4189 985 4260 servatis_urbem
1008 4198 1062 4244 et
1088 4196 1336 4242 sanctum
1368 4184 1796 4245 immaculatum,

211 4287 443 4343 necando
473 4286 640 4350 cives.
666 4282 1046 4341 interﬁciendo
1076 4282 1350 4346 innoxios,
1377 4278 1693 4350 perimendo
1716 4292 1802 4332 sa-

211 4375 451 4435 cerdotes
472 4378 496 4433 ?
515 4376 734 4433 Talibus
762 4374 981 4446 ﬂagitiis
1010 4389 1119 4429 non
1145 4372 1423 4443 placantur
1451 4369 1630 4426 divina
1650 4410 1663 4436 ,
1704 4367 1801 4425 sed

214 4467 571 4530 oﬂ'enduntur.
602 4468 909 4525 Abdicastis
939 4466 1112 4523 Deum
1137 4473 1376 4521 vestrum
1410 4463 1803 4520 sacriﬁciorum

213 4563 454 4621 cultibus.
484 4564 539 4620 Si
561 4562 654 4619 tibi
683 4562 879 4634 aliquis
904 4568 1126 4633 negaret
1145 4559 1351 4623 cibum,
1373 4558 1633 4626 Joannes,
1658 4573 1807 4628 qua:-

214 4669 354 4713 reres
372 4673 496 4715 eum
523 4674 537 4710 :
571 4656 682 4712 Deo
705 4663 888 4712 vestro
914 4670 1026 4710 sua:
1056 4653 1248 4709 hostias
1276 4668 1385 4708 non
1419 4652 1792 4717 immolantur,
1823 4655 1877 4716 D

217 4761 315 4803 non
338 4748 638 4807 redduntur
665 4762 764 4804 sua
794 4760 1020 4803 munera
1047 4787 1063 4814 ,
1091 4745 1405 4817 iugulantur
1429 4744 1677 4800 homines
1704 4785 1718 4809 ,
1747 4751 1804 4799 et

217 4839 386 4898 adhuc
412 4851 571 4914 putas
592 4841 764 4898 Deum
803 4838 1095 4895 auxiliari?
1126 4837 1334 4893 Revera
1364 4852 1445 4892 ste
1493 4846 1647 4909 gesta
1676 4836 1808 4893 edo-

220 4942 357 5000 cent,
388 4932 706 4991 testiﬁcatur
733 4946 1002 4988 caesorum
1031 4929 1337 5001 congeries,
1390 4936 1446 4985 et
1482 4929 1682 4985 cumuli
1713 4944 1808 4986 ve-

222 5032 445 5083 strarum
472 5025 859 5083 calamitatum.
911 5023 1043 5092 Quis
1088 5021 1205 5079 haec
1244 5020 1435 5079 videns
1460 5065 1475 5090 ,
1524 5037 1634 5077 non
1663 5023 1812 5093 inge-

225 5119 450 5178 miscat?
477 5121 586 5178 Nec
614 5117 1098 5192 reprehenderem,
1127 5116 1573 5189 quod-pugnares
1600 5131 1697 5189 pro
1726 5129 1814 5187 pa-

228 5211 324 5267 tria
348 5256 363 5282 ,
394 5215 441 5272 si
468 5214 671 5272 nollem
700 5227 924 5285 parcere
948 5253 964 5281 ,
991 5211 1036 5268 si
1068 5211 1270 5267 nollem
1314 5210 1541 5282 patriam
1575 5221 1809 5267 vestram

226 5314 314 5361 aut
339 5308 594 5378 templum
624 5320 925 5363 reservare.
943 5302 1130 5376 Neque
1160 5304 1305 5361 enim
1332 5303 1494 5372 digna
1516 5298 1807 5370 Carthago,

229 5405 315 5452 aut
340 5400 659 5457 metuendus
687 5398 950 5455 Hebraeus
989 5397 1243 5453 Annibali
1269 5438 1286 5464 ,
1337 5395 1430 5466 qui
1462 5406 1670 5464 partem
1699 5406 1813 5447 me—

231 5486 367 5546 diam
395 5492 542 5549 orbis
568 5490 1143 5563 Romanisubegerat:
1174 5498 1228 5546 et
1260 5498 1438 5545 tamen
1463 5487 1578 5558 ipsa
1600 5499 1819 5557 quoque

234 5593 472 5654 reparata
496 5584 793 5658 Carthago,
823 5599 947 5656 quae
989 5597 1164 5655 usque
1190 5581 1260 5638 ad
1289 5579 1560 5638 excidium
1588 5578 1673 5634 sui
1725 5593 1820 5636 re-

240 5749 349 5868 ὼξο
370 5743 638 5873 ιὲἰίιέιιιιε
684 5743 943 5816 Gyptheo.
990 5742 1060 5799 Et
1087 5756 1212 5799 mox
1241 5738 1506 5797 Malachia
1548 5751 1647 5810 pro
1680 5736 1819 5793 Mal-

306 5881 337 5924 δ
365 5885 527 5950 Vetus
548 5886 673 5948 cod.
710 5884 978 5945 Romanos
1001 5886 1058 5944 in
1092 5886 1269 5959 ιθηιριὶ
1308 5882 1565 5942 excidium
1603 5884 1824 5941 lacesse-

1885 3351 2035 3414 bros,
2055 3350 2251 3422 quibus
2279 3350 2489 3407 excidia
2515 3351 2707 3421 patriae
2735 3352 2889 3407 nobis
2914 3353 3233 3408 annuntiata
3265 3361 3412 3422 sunt,
3428 3363 3485 3410 ct

1886 3453 2138 3512 reparata
2166 3441 2401 3496 culmina
2433 3482 2448 3508 ,
2477 3457 2665 3511 rursus
2693 3457 2721 3495 a
2750 3442 2994 3499 Romano
3027 3444 3292 3501 diruenda
3320 3460 3484 3502 exer—

1888 3534 2018 3589 citu.
2050 3532 2189 3602 Quid
2209 3534 2353 3589 enim
2380 3533 2526 3590 aliud
2555 3535 2755 3591 clamat
2781 3535 3008 3592 Daniel?
3036 3536 3150 3593 Non
3168 3537 3312 3594 enim
3341 3536 3489 3610 quod

1884 3628 1998 3699 jam
2028 3626 2229 3684 factum
2246 3636 2366 3683 erat
2390 3668 2405 3695 ,
2437 3628 2532 3685 sed
2560 3629 2704 3700 quod
2733 3640 2856 3700 post
2884 3630 3122 3686 futurum
3146 3672 3161 3701 ,
3192 3622 3490 3704 propheta-

1888 3721 1983 3778 bat
2007 3738 2020 3774 :
2050 3735 2171 3791 qua:
2198 3728 2282 3777 est
2309 3721 2642 3777 abominatio
2667 3723 3023 3780 desolationis
3042 3765 3056 3791 ,
3085 3740 3247 3796 quam
3281 3723 3491 3782 vocife-

1892 3821 2046 3869 ratus
2075 3821 2159 3869 est
2199 3814 2545 3869 venientibus
2575 3813 2838 3869 Romanis
2867 3814 2986 3870 fore
3008 3855 3024 3882 ,
3074 3815 3177 3870 uisi
3224 3814 3329 3871 ista
3370 3830 3495 3886 quae

1896 3919 2040 3960 nunc
2067 3904 2348 3959 imminet?
2383 3902 2527 3974 quod
2582 3914 2667 3960 est
2723 3903 2858 3960 illud
2912 3906 3222 3973 oraculum,
3263 3907 3405 3977 quod
3460 3922 3494 3964 a

1896 3997 2052 4054 nobis
2064 4013 2208 4068 saepe
2220 4007 2703 4053 commemoratum
2723 4008 2825 4066 est,
2841 4014 2871 4054 a
2884 4014 3098 4055 summo
3116 4000 3493 4059 denuntiatum

1900 4092 2011 4149 Deo
2038 4110 2051 4147 :
2085 4102 2211 4147 tunc
2239 4090 2448 4147 scilicet
2479 4092 2774 4162 perituram
2819 4093 3010 4150 urbem
3037 4095 3279 4153 furrditus
3300 4139 3315 4163 ,
3368 4112 3497 4156 cum

1899 4186 2098 4244 civium
2131 4184 2383 4241 manibus
2417 4186 2740 4244 contribulis
2778 4203 2910 4246 suus
2956 4191 3117 4247 fuerit
3159 4190 3457 4249 exstinctus
3481 4235 3498 4262 ,

1901 4280 2006 4337 nisi
2035 4279 2179 4351 quod
2211 4297 2355 4337 nunc
2398 4282 2612 4354 impleri
2654 4283 2946 4341 videmus?
2989 4295 3045 4343 et
3070 4286 3301 4345 fortasse
3327 4328 3343 4356 ,
3374 4290 3501 4360 quia

1897 4372 2009 4444 jam
2034 4371 2251 4429 defendi
2278 4372 2535 4444 templum
2568 4390 2677 4430 non
2706 4375 2916 4445 placet,
2944 4376 3233 4435 interdicto
3265 4379 3506 4436 macula-

1905 4473 2016 4521 tum
2045 4465 2331 4536 sanguine,
2365 4466 2585 4538 purgari
2612 4467 2864 4523 incendio
2887 4467 3084 4539 placet.

2461 4597 2691 4658 CAPUT
2730 4600 2944 4658 XXXII.

1982 4734 2285 4806 Complevit
2313 4750 2622 4794 sermonem
2652 4736 2942 4809 Josephus,
2967 4736 3063 4796 sed
3084 4738 3248 4797 nullis
3271 4737 3512 4800 Joannes

1914 4841 2166 4886 movetur
2198 4829 2416 4888 ﬂetibus
2441 4873 2457 4900 ,
2500 4848 2600 4889 nec
2647 4834 2933 4904 promissis
2966 4833 3222 4892 ﬂectitur.
3275 4836 3514 4909 Urgebat

1919 4929 2060 4984 Deus
2092 4928 2413 5000 jamdudum
2465 4932 2701 5003 perlidas
2730 4941 2943 4991 mentes
2966 4974 2982 5002 ,
3015 4948 3080 4990 ex
3108 4948 3216 5005 quo
3242 4934 3410 5004 impio
3452 4948 3514 4991 se

1920 5022 2215 5092 parricidio
2262 5025 2748 5083 commacularunt.
2814 5026 3093 5084 Cnnlsrmt
3147 5028 3319 5084 Jesun
3365 5028 3517 5085 cruci

1918 5106 2257 5181 sufﬁgcntes.
2304 5109 2401 5166 llic
2430 5121 2513 5167 est
2542 5112 2633 5168 ille
2661 5112 2818 5184 cujus
2842 5128 2992 5169 mors
3016 5113 3335 5171 Judaeorum
3362 5116 3519 5172 exci-

1918 5200 2066 5256 dium
2088 5208 2175 5257 est
2198 5200 2396 5259 :Natus
2408 5219 2473 5259 ex
2488 5203 2655 5263 Maria
2679 5222 2693 5258 :
2715 5204 2807 5276 qui
2827 5204 2899 5260 ad
2927 5221 3049 5261 suos
3077 5206 3520 5275 venit,etsuieum

1919 5312 2021 5351 non
2047 5306 2346 5368 receperunt
2374 5297 2555 5370 (Joan.
2586 5315 2624 5365 ι,
2656 5295 2771 5370 Η).
2805 5299 3032 5367 Quando
3059 5302 3205 5357 enim
3243 5316 3375 5357 suos
3408 5315 3519 5356 non

1919 5391 2238 5447 occiderunt
2264 5391 2439 5448 Judaei
2461 5393 2485 5448 ?
2504 5392 2695 5451 Nonne
2713 5392 2884 5449 ﬁlium
2914 5393 3039 5449 Saul
3053 5396 3136 5449 sui
3162 5393 3479 5449 occiderunt
3501 5394 3525 5448 ?

1920 5482 2134 5540 Nabotb
2162 5484 2428 5556 propheta
2450 5503 2480 5543 a
2507 5483 2622 5544 suis
2651 5487 2840 5560 utique
2876 5486 3144 5559 lapidatus
3172 5496 3257 5543 est
3282 5505 3296 5541 :
3335 5486 3523 5543 Judtca

1921 5579 2024 5637 fuit
2049 5579 2268 5639 Jezabel
2284 5619 2300 5649 ,
2322 5595 2445 5652 qua:
2466 5579 2632 5652 jussit
2647 5579 2875 5649 Judaais,
2905 5581 3258 5651 senioresque
3284 5595 3528 5655 praecep-

1928 5744 2026 5793 ret.
2054 5737 2133 5795 in.

2004 5821 2025 5850 ο
2057 5806 2446 5866 Formidabilir.
2480 5808 2557 5867 In.
