3948 6324
553 208 696 276 Ω179

1890 230 2133 292 SANCTI
2174 235 2495 298 AMBROSII

3728 264 3786 322 εἰ
3796 264 3860 326 80

550 343 664 391 tum
692 335 932 391 exsecuti
956 346 1103 447 sunt.
1139 338 1360 442 Judmus
1388 341 1576 397 Achab
1596 383 1611 409 ,
1641 344 1732 416 qui
1760 360 1923 403 causa
1955 350 2149 404 mortis
2177 350 2231 411 Α
2253 353 2474 424 guinem
2508 357 2646 413 intra
2695 361 2956 429 templum
2998 364 3223 425 funditis
3244 412 3259 436 ,
3309 371 3770 447 advenarumque
3796 382 3860 434 si-

548 425 667 496 ejus
691 425 864 483 factus
894 435 997 481 est.
1032 426 1228 494 Quanti
1259 429 1357 485 alii
1393 445 1422 484 a
1466 431 1673 488 civibus
1702 435 1852 492 cives
1882 439 2150 507 perempti

549 525 605 570 et
636 525 813 573 tamen
840 518 931 579 diu
976 518 1180 590 integra
1224 520 1417 577 civitas
1460 525 1698 593 mansit,
1749 530 1852 585 etsi
1894 529 2072 585 diruta
2118 546 2149 587 a

547 603 857 676 Babyloniis
888 616 1005 676 post
1042 622 1218 664 annos
1261 609 1725 683 innumerabiles,
1763 617 1859 674 sed
1899 630 2146 689 reparata

547 696 757 765 postea!
789 695 901 751 Hoc
924 705 1009 753 est
1033 711 1346 768 supremum
1378 703 1668 768 excidium,
1698 716 1823 777 post
1849 708 1992 778 quod
2020 708 2150 765 irre«

545 786 786 854 parabile
834 789 1092 858 templum
1119 831 1135 857 ,
1185 791 1309 861 quia
1338 802 1653 851 averterunt
1698 798 1999 857 sceleribus
2029 802 2145 858 suis

543 878 833 947 praesulem
864 881 1074 953 templi,
1107 882 1469 953 reparationis
1494 887 1782 946 arbitrum.

1104 994 1335 1051 CAPUT
1378 995 1620 1055 XXXIII.

614 1103 730 1161 Tali
763 1105 926 1163 aifatu
950 1109 1180 1169 Caesaris
1201 1123 1255 1170 et
1283 1115 1513 1187 repetita
1545 1118 1813 1185 oratione,
1839 1119 2037 1176 innexa
2060 1128 2145 1178 est

543 1199 849 1270 aliquorum
872 1208 1161 1274 sententia,
1193 1208 1285 1279 qui
1312 1226 1372 1266 sc
1396 1211 1716 1267 subtrahere
1743 1222 2057 1282 potuerunt,
2086 1225 2143 1270 ιιι

540 1291 609 1347 ad
640 1292 914 1350 Romanos
937 1298 1311 1355 convenirent.
1345 1301 1587 1358 Caeteros
1616 1303 1889 1358 revocavit
1914 1304 2141 1375 periculi

543 1394 741 1454 metus,
775 1388 863 1459 qni
892 1404 924 1445 a
956 1389 1259 1449 latronibus
1289 1393 1676 1452 intendebatur
1723 1397 1800 1472 (et
1828 1397 1966 1453 forte
1995 1413 2143 1469 qua:-

541 1478 664 1535 dam
697 1481 975 1539 inclinatio
1001 1487 1263 1542 mentium
1291 1497 1409 1543 erat
1438 1531 1453 1559 ,
1487 1504 1556 1545 ne
1584 1489 1771 1561 plures
1799 1491 2143 1562 eriperentur

539 1571 737 1628 futurae
788 1577 1086 1648 eversioni)
1112 1597 1125 1633 :
1160 1594 1296 1649 quos
1322 1580 1507 1637 Czrsar
1538 1581 1913 1653 confugientes
1942 1583 2007 1639 ad
2040 1599 2099 1639 se
2124 1626 2137 1651 ,

538 1666 662 1737 quia
690 1679 844 1724 erant
889 1670 1030 1726 inter
1059 1687 1154 1728 eos
1181 1686 1235 1729 et
1264 1674 1364 1729 viri
1408 1675 1773 1733 sacerdotales
1817 1692 1939 1734 cum
1966 1678 2092 1735 filiis
2120 1720 2135 1745 ,

2256 447 2368 503 mul
2412 459 2466 505 et
2513 450 2714 507 civium
2763 468 2960 512 cruore
2990 469 3167 515 vestra
3198 462 3389 519 altaria
3421 471 3854 532 commaculatis.

2252 539 2538 598 Testiliror
2560 558 2662 615 ego
2691 560 2796 603 non
2829 549 3203 620 impressionis
3232 564 3440 615 nostra:
3469 575 3619 628 esse,
3653 562 3756 619 sed
3780 580 3857 621 ve-

2252 640 2381 688 strae
2409 638 2900 709 praevaricationis,
2934 647 3075 715 quod
3107 647 3322 704 violatis
3349 667 3474 723 quae
3503 667 3691 710 vestra
3719 667 3854 713 sunt.

2253 725 2367 796 Ego
2393 728 2600 787 alienus
2629 748 2735 788 non
2764 737 2942 807 exigo,
2976 740 3142 796 immo
3167 742 3437 814 obtestor,
3471 748 3519 803 si
3547 748 3735 806 velitis
3758 751 3859 807 dis-

2250 821 2448 877 cedere
2471 863 2484 887 ,
2520 823 2793 883 incolume
2824 831 3083 900 templum
3117 834 3356 891 futurum
3401 855 3415 892 :
3445 842 3728 896 nemiuem
3757 841 3857 895 Ro-

2249 926 2533 971 manorum
2590 918 2818 976 hostiles
2884 922 3246 995 irrogaturum
3300 943 3537 999 manus,
3601 932 3741 989 nihil
3794 934 3857 991 de

2247 1007 2446 1062 vestris
2490 1013 2864 1068 temerandum
2910 1030 3033 1072 esse
3072 1018 3379 1078 sacrificiis.
3428 1023 3675 1081 Servabo
3727 1028 3855 1083 temo

2248 1098 2396 1167 plum
2427 1101 2579 1157 vobis
2612 1115 2633 1140 ο
2666 1115 2721 1160 et
2753 1107 3047 1180 proselytis
3087 1128 3101 1174 ;
3148 1114 3328 1169 cultus
3371 1117 3524 1171 enim
3574 1133 3852 1175 sacrorum

2247 1189 2501 1247 diversus
2527 1234 2540 1259 ,
2574 1195 2670 1250 sed
2701 1199 2889 1266 operis
2914 1206 3220 1259 communis
3251 1220 3383 1261 usus
3412 1223 3426 1260 :
3473 1206 3634 1275 Quod
3676 1213 3854 1267 cultus

2245 1281 2346 1339 fuit
2372 1326 2385 1349 ,
2440 1302 2469 1341 a
2500 1289 2655 1344 vobis
2682 1293 2911 1348 recessit
2936 1310 2949 1348 :
2993 1296 3140 1367 quod
3166 1298 3349 1368 operis
3380 1309 3463 1356 est
3492 1344 3508 1369 ,
3556 1303 3852 1361 victoribus

2245 1379 2529 1433 remansit.

2796 1496 3027 1558 CAPUT
3070 1501 3291 1559 XXXV.

2319 1606 2418 1662 Ubi
2449 1624 2517 1664 ne
2549 1609 2635 1668 bis
2660 1613 2878 1683 quidem
2910 1633 3005 1685 per
3034 1617 3327 1690 Josephum
3374 1622 3661 1681 insinuatis
3691 1642 3846 1683 revo-

2244 1701 2355 1754 cari
2383 1700 2564 1757 Cmsar
2592 1703 2828 1762 advertit
2857 1710 2877 1779 (
2904 1708 3153 1767 factionis
3202 1714 3347 1770 enim
3382 1717 3655 1790 principes
3694 1731 3844 1790 puta-

538 1764 593 1876 et
622 1761 711 1815 alii
745 1762 1380 1876 splendidioreratione
1409 1768 1541 1876 viri,
1573 1772 1814 1873 suscepit
1843 1772 1982 1874 bona
2012 1785 2139 1841 ενα-
2176 1796 2224 1864 Β
2251 1791 2379 1849 ba",
2405 1794 2723 1853 diuidam-un
2752 1761 3166 1875 ροη“,,;ς’;ιξ,·ε;;ι
3196 1761 3843 1876 [ςίὲίζὶίίζέξξθᾜωνξξζ

538 1852 613 1907 tia
643 1897 656 1919 ,
689 1853 954 1924 pollicens
984 1857 1331 1914 securitatem
1360 1860 1552 1915 salutis
1578 1903 1593 1928 ,
1612 1859 1701 1931 jus
1731 1863 2138 1931 possessionum

539 1956 762 2002 suarum
789 1966 803 2015 ;
836 1959 998 2021 atque
1024 1951 1089 2005 ad
1123 1951 1315 2008 urbem
1344 1954 1429 2009 cui
1456 1969 1650 2010 nomen
1675 1955 1879 2023 Gosna,
1910 1955 2137 2011 direxit:

538 2054 608 2095 ne
633 2041 764 2110 quid
787 2043 1106 2101 oli'ensionis
1134 2046 1371 2102 oriretur
1398 2047 1502 2103 ritu
1532 2048 1737 2117 diSpari
1769 2058 1821 2105 et
1847 2050 2024 2106 cultus
2059 2047 2142 2103 di-

537 2134 815 2191 versitate.
860 2136 1013 2203 Quod
1044 2137 1114 2192 ab
1142 2136 1247 2203 his,
1280 2141 1371 2210 qui
1416 2140 1469 2195 in
1504 2141 1637 2197 urbe
1679 2142 1839 2212 positi
1871 2157 2139 2213 repugna-

534 2225 667 2282 bant
699 2223 835 2299 (seu
866 2228 991 2298 quia
1024 2227 1332 2299 hujusmodi
1366 2233 1605 2300 suspicio
1649 2232 1989 2299 incesserat,
2023 2232 2138 2287 sive

532 2319 681 2374 ullus
708 2329 1100 2390 composuerat
1127 2320 1256 2378 dolo
1281 2363 1294 2387 ,
1330 2340 1397 2379 ne
1425 2324 1610 2394 plures
1637 2323 2053 2398 dilaberentur)
2082 2326 2137 2381 in

532 2421 915 2484 argumentum
946 2424 1031 2471 est
1059 2415 1362 2472 derivatum
1396 2421 1547 2475 necis
1568 2462 1584 2488 ,
1635 2429 1692 2475 ut
1715 2422 1970 2476 exstincti
2000 2421 2137 2493 obji-

530 2516 807 2563 cerentur.
857 2508 934 2564 Eo
955 2520 1237 2581 comperto
1264 2554 1278 2578 ,
1315 2520 1598 2569 revocatos
1629 2514 1784 2571 Titus
1816 2514 1982 2586 jussit
2010 2532 2134 2572 cum

529 2598 772 2672 Joscpho
802 2602 1020 2673 propius
1050 2616 1234 2659 muros
1256 2603 1439 2670 obire,
1483 2614 1540 2660 ut
1568 2622 1595 2660 a
1626 2607 1740 2662 suis
1771 2622 2136 2679 agnosceren-

533 2700 639 2748 tur.
692 2692 772 2748 llli
802 2709 924 2750 cum
957 2696 1211 2767 lacrymis
1242 2698 1551 2770 gemituque
1597 2715 1794 2771 magno
1823 2742 1839 2769 ,
1889 2716 1996 2757 non
2035 2718 2131 2757 sua

529 2787 756 2854 deﬂere,
786 2788 882 2844 sed
911 2791 1100 2859 patriae
1130 2791 1425 2863 templique
1452 2793 1660 2849 excidia
1694 2813 1707 2849 :
1740 2810 1934 2866 rogare
1960 2796 2129 2861 cives,

527 2888 589 2936 ut
630 2890 993 2952 sequerentur
1022 2884 1254 2939 Cmsaris
1298 2885 1456 2940 fidem
1483 2928 1497 2952 ,
1545 2888 1824 2958 eriperent
1871 2889 2128 2960 templum

540 2983 727 3044 parato
758 2975 1013 3031 incendio
1039 3018 1053 3042 ,
1090 2976 1222 3031 nihil
1254 2977 1356 3035 sibi
1385 2978 1644 3035 adversus
1690 2980 1863 3052 legem
1896 2997 2133 3053 prazcep-

529 3074 685 3134 tum,
721 3066 855 3123 nihil
885 3068 953 3124 de
999 3068 1249 3126 libertate
1294 3071 1656 3127 imminutum.
1704 3074 2131 3144 Acquiescerent

2244 1896 2499 1958 quentcm
2536 1890 2834 1949 desistendi
2868 1898 3335 1973 conventionem),
3369 1901 3437 1956 ad
3467 1904 3713 1972 praelium
3744 1921 3839 1961 ne-

2239 1983 2495 2039 cessitate
2521 1985 2723 2042 invitus
2746 1990 2969 2046 revertit
2994 2033 3008 2056 ,
3031 1992 3189 2062 jubet
3210 1993 3404 2050 adesse
3420 1995 3718 2055 Romanos.
3737 1999 3838 2055 Sed

2242 2075 2363 2146 quit
2383 2085 2547 2133 tanta:
2568 2080 2896 2138 multitudini
2913 2085 3157 2154 angustia
3182 2087 3571 2158 impedimento
3592 2101 3729 2157 erat,
3750 2093 3838 2147 tri-

2239 2167 2387 2238 ginta
2418 2169 2610 2226 electis
2643 2172 2770 2227 viris
2794 2214 2809 2240 ,
2861 2174 3070 2247 singula
3101 2177 3327 2249 deputat
3352 2180 3678 2238 bellatorum
3710 2185 3825 2239 mil-

2241 2259 2334 2315 lia.
2368 2260 2487 2317 Non
2520 2263 2664 2318 enim
2700 2274 2867 2321 totum
2899 2269 3200 2323 exercitum
3226 2272 3540 2343 reciperent
3569 2282 3676 2329 tam
3707 2274 3832 2332 den~

2238 2367 2297 2408 sa
2327 2354 2677 2412 aediﬁciorum
2704 2358 3000 2415 obstacula.
3036 2359 3154 2430 Ipse
3185 2379 3399 2434 quoque
3428 2365 3589 2421 simul
3615 2368 3832 2423 descen-

2238 2446 2370 2502 dere
2402 2448 2612 2517 volens,
2643 2454 3001 2509 revocabatur
3026 2470 3056 2509 a
3087 2462 3200 2513 suis
3227 2499 3241 2523 ,
3273 2474 3343 2514 ne
3372 2459 3425 2515 in
3452 2471 3684 2531 angusto
3705 2478 3830 2517 noc-

2240 2540 2415 2596 turnis
2440 2542 2603 2596 etiam
2634 2543 2955 2616 plerumque
2985 2547 3318 2618 temporibus
3341 2594 3356 2619 ,
3388 2552 3585 2618 quibus
3612 2568 3827 2610 necesse

2236 2641 2356 2687 erat
2387 2632 2758 2692 insidiantium
2789 2636 2967 2693 fraudi
3008 2655 3298 2697 occurrere
3319 2683 3334 2708 ,
3369 2644 3596 2713 periculi
3637 2645 3827 2716 aliquid

2234 2723 2288 2779 iu
2319 2739 2379 2780 se
2408 2726 2669 2783 excitaret
2700 2747 2714 2783 :
2759 2744 2882 2784 cum
2916 2732 3144 2801 amplius
3174 2732 3499 2803 proliceret,
3542 2735 3585 2790 si
3619 2744 3823 2806 Spectas

2238 2826 2321 2873 tor
2362 2818 2493 2874 belli
2525 2820 2761 2885 adesset,
2796 2838 2918 2894 qua:
2961 2826 3335 2897 unusquisque
3379 2829 3679 2899 promptius
3703 2829 3821 2895 sibi,

2234 2913 2633 2971 decernendum
2678 2918 3036 2975 arbitraretur
3058 2962 3074 2987 ,
3105 2922 3207 2975 sub
3235 2922 3407 2977 oculis
3433 2922 3663 2981 Caesaris
3692 2939 3821 2994 pra:-

2232 3007 2451 3064 liaturo.
2482 3010 2672 3066 Omnia
2711 3012 2853 3067 enim
2888 3030 3008 3083 qua)
3031 3016 3173 3071 circa
3204 3016 3464 3086 templum
3488 3028 3817 3089 gererentur,

2233 3102 2379 3156 velut
2409 3103 2461 3157 in
2497 3103 2707 3160 theatro
2734 3105 2968 3175 quodam
2994 3148 3008 3172 ,
3064 3122 3131 3163 ex
3167 3108 3287 3164 loco
3315 3109 3569 3165 Antoniae
3592 3111 3820 3180 desuper

522 3166 581 3217 et
607 3161 709 3232 ipsi
736 3162 1116 3232 experirentur
1142 3162 1509 3218 Romanorum
1551 3165 1939 3232 clementiam,
1994 3182 2124 3238 quo—

2236 3191 2566 3249 visebantur.
2604 3194 2841 3251 lnflexus
2862 3197 2928 3254 ad
2960 3214 3080 3254 eam
3112 3202 3438 3257 sententiam
3468 3201 3646 3258 Caesar
3669 3245 3683 3269 ,
3710 3201 3813 3258 Ce-

523 3268 642 3310 rtnn
676 3253 1107 3325 iusUperabilem
1139 3255 1395 3311 virtutem
1424 3256 1631 3325 experti
1663 3266 1809 3313 sunt.

1068 3345 1299 3403 CAPUT
1342 3345 1584 3404 XXXIV.

592 3437 731 3493 Cum
761 3439 884 3494 talia
914 3440 1298 3495 miserabiliter
1324 3440 1694 3511 deplorarent,
1735 3442 2123 3511 proturbantur

520 3542 550 3585 a
583 3532 718 3598 suis,
750 3531 1062 3602 bellumque
1090 3533 1436 3590 accenditur:
1467 3534 1928 3605 insiliuntJudaei,
1960 3545 2123 3608 atque

516 3624 573 3680 in
618 3626 732 3696 ipsa
782 3625 1089 3697 irrumpunt
1131 3633 1158 3662 ι
1189 3626 1493 3682 temeritate
1550 3627 1869 3697 penetralia.
1919 3627 2120 3684 Omnes

516 3732 766 3776 recessus
792 3762 808 3789 ,
858 3720 1039 3776 omnia
1084 3731 1294 3776 secreta
1327 3729 1635 3791 occupant,
1685 3737 1804 3791 quae
1835 3722 2115 3779 inaccessa

516 3810 648 3866 viris
678 3819 835 3867 erant
861 3826 1143 3868 sacrorum
1175 3812 1502 3868 exsortibus.
1540 3812 1765 3868 liomani
1816 3829 2029 3885 quoque
2058 3829 2119 3869 se

513 3907 707 3976 przelio
745 3914 971 3978 parant:
1018 3914 1360 3963 temerantur
1404 3908 1688 3964 interdicta
1741 3920 1954 3981 patrum
1987 3911 2115 3967 belli

512 4002 840 4059 necessitate
866 4044 881 4070 ,
911 4003 1118 4074 majore
1149 4010 1330 4060 tamen
1361 4004 1729 4060 Romanorum
1758 4047 1773 4072 ,
1804 4022 1963 4076 quam
1990 4020 2114 4061 suo-

509 4110 629 4150 rum
663 4095 991 4151 revcrentia.
1050 4096 1296 4153 Gentiles
1325 4098 1469 4152 enim
1500 4114 1621 4153 cum
1657 4097 1942 4153 formidine
1978 4109 2115 4154 tem-

510 4187 659 4257 plum
688 4188 1047 4257 spectabant,
1099 4186 1273 4243 Jndzei
1315 4202 1438 4244 cum
1486 4189 1675 4247 furore
1716 4204 1779 4245 ac
1808 4193 2111 4247 temeritate

514 4281 778 4347 adibant;
834 4289 891 4336 et
941 4278 1189 4337 madidas
1220 4297 1411 4337 manus
1442 4282 1680 4338 humano
1709 4294 1961 4355 gerentes
1986 4302 2111 4341 san-

503 4375 693 4446 guine,
725 4375 841 4445 ipsa
872 4376 1236 4431 attractabant
1268 4376 1479 4433 altaria.
1533 4376 1691 4433 Titus
1722 4387 1900 4434 tamen
1930 4380 2108 4436 adhuc

504 4470 561 4525 in
594 4469 873 4540 proposito
902 4484 1163 4538 manens,
1194 4470 1576 4541 alloquebatur
1603 4472 1869 4529 Joannem
1894 4520 1910 4541 ,
1939 4483 1992 4530 et
2026 4476 2107 4530 in-

2225 3284 2357 3339 reali
2402 3286 2622 3342 mandat
2667 3292 2940 3360 negotium
2968 3333 2982 3358 ,
3053 3304 3110 3347 ut
3152 3293 3617 3362 praetendentibus
3666 3298 3805 3352 circa

2228 3378 2484 3447 templum
2515 3379 2736 3445 Judzeis,
2766 3383 2895 3439 liora
2926 3385 3100 3440 noctis
3128 3400 3270 3441 nona
3292 3390 3682 3459 superveniret,
3705 3404 3811 3444 ca:-

2226 3483 2479 3542 tcrosque
2510 3471 2758 3530 hortatur
2786 3476 3032 3535 studiose
3077 3479 3329 3550 ingruere
3370 3482 3701 3549 certamine;
3751 3500 3807 3540 se

2223 3579 2438 3634 quoque
2475 3565 2849 3625 dimicantium
2901 3571 3111 3627 meritis
3159 3589 3266 3629 non
3319 3575 3649 3643 defuturum,
3688 3591 3803 3631 cum

2221 3653 2456 3726 desuper
2484 3667 2576 3712 aut
2610 3658 2837 3729 ignavia:
2862 3662 3122 3733 cujusque
3151 3665 3302 3721 testis
3328 3708 3342 3732 ,
3370 3675 3463 3722 aut
3490 3668 3696 3724 virtutis
3715 3683 3803 3723 ar-

2218 3749 2355 3806 biter
2383 3766 2615 3822 pugnam
2643 3756 3000 3812 examinaret.
3032 3757 3273 3814 Cerealis
3319 3763 3638 3835 praescripto
3669 3772 3798 3817 tezn-

2220 3859 2351 3913 pure
2378 3843 2605 3915 impigre
2633 3845 2809 3914 adest,
2838 3848 2933 3904 sed
2961 3850 3213 3907 custodes
3240 3852 3528 3920 vigilantes
3572 3855 3759 3926 reperit
3785 3872 3796 3909 :

2222 3938 2466 4006 prtulium
2493 3940 2820 3996 conseritur.
2877 3940 3159 4013 Siquidem
3190 3953 3243 3999 et
3269 3944 3411 4001 intra
3438 3947 3689 4018 templum
3713 3948 3797 4001 sill

2217 4048 2323 4086 non
2356 4031 2739 4100 dormiebant,
2788 4043 2845 4090 et
2884 4037 3362 4107 congredientibus
3409 4042 3503 4112 qui
3550 4040 3794 4097 excubias

2214 4125 2468 4193 obibant,
2501 4126 2659 4182 facile
2688 4144 2747 4185 se
2770 4131 2954 4186 caeteri
2988 4130 3055 4186 ad
3105 4131 3304 4187 bellum
3348 4146 3621 4203 pararent.
3665 4133 3793 4190 Con-

2211 4214 2350 4272 ferto
2370 4219 2604 4288 agmine,
2636 4221 2870 4277 instabat
2891 4220 3167 4280 Romanus
3195 4242 3208 4278 :
3236 4224 3410 4281 Judmi
3439 4269 3456 4293 ,
3502 4227 3627 4284 dum
3651 4227 3789 4282 clau~

2211 4310 2341 4367 atris
2370 4319 2531 4381 atque
2559 4314 2821 4383 angustiis
2848 4314 3091 4371 nituntur
3114 4358 3129 4384 ,
3161 4333 3229 4373 ne
3252 4318 3788 4383 circumvenirentur,

2213 4404 2595 4473 percursabaut
2626 4405 2839 4462 diversa
2866 4424 2879 4459 :
2911 4417 2967 4461 ut
2985 4406 3321 4479 frequentius
3342 4410 3445 4465 sibi
3476 4427 3505 4465 a
3528 4412 3641 4468 suis
3657 4419 3787 4467 esset

2213 4496 2529 4566 periculum,
2565 4498 2693 4554 dum
2728 4500 2779 4553 in
2812 4500 3049 4556 tenebris
3078 4517 3184 4556 non
3217 4513 3674 4575 cognoscerentur
3696 4543 3711 4568 ,
3735 4510 3784 4558 et

506 4564 676 4619 vitum
708 4580 767 4620 se
810 4563 1004 4621 deduci
1034 4564 1101 4620 ad
1132 4565 1405 4622 excidium
1436 4567 1584 4623 urbis
1611 4578 1666 4624 et
1698 4570 1884 4641 templi
1914 4583 2104 4628 conte-

2229 4587 2526 4659 ilerumque
2558 4590 3002 4661 transﬁgerentur
3029 4609 3057 4647 a
3086 4594 3248 4650 sociis
3268 4636 3284 4660 ,
3323 4594 3454 4650 dum
3487 4596 3666 4652 hostes
3692 4609 3780 4665 pu-

504 4656 766 4724 Stabatur,
802 4656 988 4713 dicens
1018 4657 1087 4713 ad
1117 4674 1239 4713 eum
1266 4677 1281 4714 :
1313 4659 1448 4728 Quid
1478 4660 1579 4717 sibi
1611 4663 1817 4730 volunt,
1842 4662 2101 4732 Joannes,

502 4747 753 4820 lmpressi
782 4749 861 4805 illi
889 4757 1015 4806 ante
1046 4750 1189 4806 fores
1219 4752 1409 4824 templi
1436 4754 1616 4825 apices
1662 4757 2056 4814 elementorum
2081 4761 2103 4815 ?

503 4843 692 4899 Nonne
722 4843 1031 4915 significant
1068 4845 1340 4901 neminem
1370 4888 1385 4914 ,
1434 4845 1539 4903 nisi
1584 4859 1855 4905 sacratum
1901 4852 2101 4909 debere

503 4936 711 5006 templo
738 4937 1217 5008 appropinquare?
1254 4937 1395 5007 Quid
1423 4939 1512 4995 illa
1544 4948 1694 5012 septa
1727 4957 1823 5012 pro
1856 4945 2098 5016 templo?

501 5029 714 5097 Nonne,
748 5038 806 5086 ut.
834 5041 1159 5101 cormpectus
1189 5042 1408 5088 arceant
1438 5032 1812 5090 universorum
1854 5036 2056 5095 liberos
2080 5079 2095 5105 ,

499 5123 741 5195 solisque
766 5121 797 5162 δ
840 5124 1084 5196 mysticis
1114 5132 1293 5196 pateat
1331 5134 1665 5184 secretorum
1693 5130 1932 5202 cognitio
1971 5151 1984 5187 :
2016 5141 2099 5189 at-

496 5234 602 5292 que
627 5218 710 5272 his
741 5221 811 5274 sit
843 5217 982 5274 liber
1010 5227 1262 5289 aspectus
1292 5259 1308 5288 ,
1356 5221 1550 5292 quibus
1598 5232 1683 5279 est
1710 5223 1984 5297 legitimus
2014 5228 2099 5284 in-

491 5312 759 5385 gressus?
789 5310 1118 5382 Prospectus
1142 5313 1425 5370 excluditis
1458 5317 1890 5389 peregrinorum,
1923 5331 1979 5377 et
2004 5337 2093 5378 ac-

493 5420 680 5461 cessus
710 5405 922 5476 cogitis.
948 5404 1216 5473 Scribitis,
1245 5412 1304 5461 ut
1330 5406 1512 5464 nullus
1544 5408 1879 5481 ingrediatur
1922 5415 2090 5472 adre-

483 5516 553 5559 na
575 5546 590 5573 ,
617 5503 801 5561 nullus
825 5506 1145 5575 peregrinus
1173 5503 1413 5563 introeat
1444 5522 1458 5573 ;
1491 5514 1547 5564 et
1576 5508 1927 5580 peregrinum
1965 5525 2089 5568 san-

556 5709 583 5739 λ
608 5701 836 5757 Temere.
862 5701 1032 5759 lima.

552 5767 580 5808 ι’
610 5771 773 5829 Forte
796 5773 999 5844 mystis.
1031 5771 1309 5830 Carmana.

2207 4690 2404 4737 tantur.
2437 4682 2571 4751 Quis
2599 4684 2742 4738 enim
2788 4694 2948 4741 nocte
2991 4686 3359 4755 discerneret,
3389 4690 3540 4747 socio
3563 4707 3628 4745 an
3655 4688 3780 4744 ltosti

2204 4777 2565 4832 occurreret?
2603 4793 2724 4834 cum
2767 4779 3102 4852 interrogare
3144 4796 3327 4839 serum
3375 4793 3566 4854 esset,
3604 4797 3779 4841 cavere

2204 4870 2339 4926 utile
2363 4914 2378 4938 ,
2404 4872 2716 4929 consultum
2745 4876 3087 4944 praevenire:
3134 4886 3192 4931 et
3239 4877 3582 4936 tolerabilior
3623 4879 3778 4948 culpa:

2203 4963 2402 5030 exitus,
2434 4979 2622 5021 errare
2650 4967 2704 5022 in
2732 4966 2910 5023 alieno
2934 4968 3180 5036 vulnere,
3210 4985 3371 5041 quam
3401 4974 3673 5045 proprium
3693 4972 3777 5029 eli-

2199 5073 2328 5128 gere
2359 5060 2655 5129 periculum
2677 5101 2692 5128 ,
2725 5061 2815 5116 ubi
2845 5062 3015 5117 hostis
3043 5063 3282 5120 timetur.
3332 5065 3569 5137 Ancipiti
3613 5067 3775 5136 itaque

2200 5164 2297 5220 per
2330 5158 2542 5206 noctem
2573 5153 2810 5223 periculo
2838 5153 3153 5211 laborabant
3175 5154 3377 5222 Judaei,
3414 5159 3503 5213 vel
3530 5157 3667 5230 quod
3700 5157 3773 5213 ia-

2198 5239 2363 5298 ferret
2399 5242 2568 5298 hostis
2590 5287 2605 5311 ,
2634 5245 2720 5301 vel
2750 5246 2803 5301 in
2832 5261 2939 5314 quo
2967 5247 3146 5303 socius
3170 5258 3403 5306 erraret.
3444 5250 3557 5307 Nec
3584 5251 3772 5308 minore

2201 5348 2298 5403 per
2321 5335 2465 5391 diem
2494 5337 2770 5394 Romanus
2797 5340 3173 5397 vehementior
3196 5341 3409 5413 aderat,
3439 5360 3600 5416 quem
3624 5345 3770 5401 totius

2207 5436 2481 5498 spectator
2526 5432 2839 5489 certaminis
2890 5432 3040 5489 Titus
3089 5434 3175 5492 vel
3218 5436 3412 5495 tacitus
3442 5438 3681 5508 urgebat.
3716 5433 3766 5492 In

2196 5516 2385 5576 horam
2416 5522 2657 5593 quintam
2691 5535 2986 5598 pugnatum
3027 5537 3111 5584 est
3137 5527 3374 5586 acriter:
3410 5530 3614 5639 Iudaeis
3651 5543 3765 5602 que-

2269 5730 2290 5757 θ
2324 5720 2441 5779 Etsi
2469 5726 2667 5785 nolitis.
2694 5728 2866 5787 ΒΑΜ.

3854 6096 3924 6224 J
