3948 6358
142 343 296 401 2181

1046 332 1321 406 HISTOB.
1364 341 1455 398 DE
1499 339 1778 397 EXCIDIO
1818 339 2104 402 IIIEROS.
2152 346 2354 405 URBIS
2395 348 2523 405 LIB.
2568 340 2633 407 ν.

3338 358 3483 418 Ξίέἓὶ

144 477 262 533 que
296 470 532 520 strenue
557 461 949 521 rebellantibus
976 504 990 528 ,
1047 469 1105 517 ut
1147 468 1336 515 neutra
1380 474 1504 530 pars
1532 457 1654 514 loco
1685 474 1776 513 ce-
1807 466 1853 523 Α
1883 461 1979 516 sed
2004 462 2119 517 sola
2179 466 2486 521 temeritate
2515 466 2813 523 vindictam
2837 480 3190 538 qumrerent:
3243 472 3488 547 nihilque

148 553 353 611 deret.
1264 604 1269 611 .

712 645 942 703 CAPUT
984 645 1227 703 XXXVI.

240 742 388 798 Dum
422 743 537 798 iure
567 743 709 801 inter
730 757 788 797 se
820 741 1007 812 przclia
1033 750 1225 812 gerunt
1257 781 1270 805 ,
1322 749 1530 809 septem
1562 739 1774 795 dierum

154 837 345 906 Spatia
375 836 637 907 depositis
665 837 917 892 omnibus
964 848 1135 907 usque
1174 834 1242 889 ad
1292 833 1638 890 fundamenta
1668 843 1778 889 ter-

156 944 264 994 rae,
300 943 425 1000 qum
447 938 628 983 castro
659 929 746 983 cui
777 928 1029 982 Antonia:
1062 940 1285 992 nomen,
1313 926 1557 982 Herodes
1586 927 1778 980 immu—

157 1023 388 1079 niverat
417 1066 431 1091 ,
482 1023 647 1080 latior
673 1023 811 1080 facta
837 1032 922 1079 est
948 1025 1036 1079 via
1066 1041 1185 1093 qua:
1217 1023 1282 1078 ad
1325 1024 1582 1094 templum
1616 1024 1778 1077 duee-

158 1114 303 1169 bat:
339 1121 534 1169 utnon
567 1114 742 1170 solum
787 1114 1136 1184 percursandi
1183 1113 1449 1169 militibus
1496 1121 1645 1169 esset
1696 1111 1776 1166 fa-

104 1211 117 1219 ”
157 1209 347 1265 cultas
372 1250 386 1271 .
440 1207 534 1264 sed
574 1207 736 1263 etiam
776 1208 830 1263 in
883 1208 1236 1263 munimentis
1275 1205 1673 1262 constituendis
1720 1213 1777 1261 et

156 1299 562 1358 euaccrvandis
594 1301 914 1371 aggeribus,
947 1306 1206 1372 quantum
1233 1305 1381 1355 esset
1408 1299 1773 1355 necessarium

158 1396 420 1451 locorum
440 1437 454 1457 ,
489 1401 701 1465 pateret
724 1436 737 1459 ,
764 1408 873 1463 quo
905 1395 1252 1465 pulsarentur
1279 1394 1443 1449 etiam
1478 1392 1661 1462 templi
1697 1391 1777 1446 fa-

158 1488 456 1558 stigiorum
488 1500 695 1542 summa
728 1504 741 1540 :
795 1503 889 1556 per
918 1503 1039 1558 quae
1073 1486 1333 1541 Romanis
1373 1486 1641 1541 intentius
1670 1485 1774 1539 im-

156 1579 514 1635 rttnrantibus
538 1621 553 1645 ,
601 1594 724 1634 cum
776 1588 801 1616 ει
834 1578 1230 1635 intolerabilius
1265 1577 1407 1634 fame
1452 1584 1777 1647 urgerentur

152 1670 367 1739 Judtci,
401 1681 685 1742 creperum
715 1671 960 1728 insidiari
988 1671 1357 1728 Romanorum
1403 1672 1699 1742 jnmentis:
1728 1671 1774 1725 si

153 1768 290 1839 quis
322 1768 641 1824 bellatorum
673 1785 869 1841 equum
896 1770 1093 1840 pabulo
1116 1772 1415 1838 laxaverat,
1445 1781 1536 1826 aut
1566 1771 1771 1827 mulum

1882 552 2057 609 laudis
2101 554 2365 623 futurum,
2410 560 2454 612 si
2487 561 2798 616 vinceretur
2828 563 3046 619 excidio
3075 564 3337 622 finitimus
3366 587 3379 622 :
3430 578 3485 624 et

1882 649 2172 717 plurimum
2206 650 2513 719 dedecoris,
2536 655 2579 708 si
2607 655 2727 725 quis
2750 656 2899 726 lapsu
2922 658 3108 729 aliquo
3133 675 3481 718 communem

1880 740 2157 796 victoriam
2185 751 2448 813 turparet.
2485 742 2819 803 Jactabatse
2874 750 3372 820 insolentissimus,
3430 763 3488 811 et

1879 840 2085 888 metum
2118 834 2410 903 objicit-bat
2458 838 2792 895 victoribus:
2822 844 3072 899 convicia
3108 843 3311 912 ferens,
3339 846 3485 918 quod

1880 942 1985 981 non
2016 927 2128 982 suis
2155 929 2383 997 viribus,
2416 932 2513 986 sed
2560 932 2758 988 alienis
2787 936 3002 990 auxiliis
3033 935 3265 994 Romani
3290 940 3488 997 inniteo

1879 1031 2087 1087 rentur;
2125 1037 2224 1076 nec
2252 1022 2471 1078 Iudaeos
2500 1024 2648 1080 bello
2696 1028 2956 1096 hostium,
3011 1029 3106 1085 sed
3164 1029 3487 1090 domesticis

1877 1111 2505 1172 atflictosseditionibus.
2539 1118 2665 1172 Erat
2694 1119 2746 1173 in
2775 1134 3003 1175 numero
3024 1122 3255 1179 militum
3284 1124 3490 1181 Roma-

1879 1223 2071 1262 norum
2098 1209 2312 1265 Pudens
2332 1212 2575 1278 nomine,
2608 1214 2697 1283 qui
2726 1216 3062 1283 praestrictus
3088 1214 3338 1274 inanibus
3355 1234 3489 1274 con-

1878 1300 2289 1366 tumeliis,dum
2339 1301 2650 1358 inconsulte
2702 1305 2891 1373 pudori
2946 1308 3203 1375 consulit,
3248 1309 3484 1366 salutem

1879 1393 2136 1464 neglexit,
2163 1404 2327 1465 atque
2359 1396 2472 1465 ipsa
2524 1397 2899 1468 indignatione
2946 1401 3237 1468 incautior,
3268 1404 3490 1462 vulneri

1879 1486 2073 1556 patuit,
2109 1487 2369 1558 fususque
2395 1489 2449 1544 in
2484 1492 2712 1554 terram,
2764 1492 2995 1548 incussit
3027 1495 3192 1549 sociis
3221 1512 3487 1552 verecun'

1877 1580 2020 1635 diam
2057 1597 2071 1635 ;
2104 1583 2473 1638 insultatiouis
2503 1598 2722 1656 quoque
2746 1600 2996 1643 Caussant
3028 1588 3278 1644 Jonatluu
3319 1591 3485 1646 simul

1876 1684 1930 1729 et
1961 1677 2155 1731 mortis
2184 1676 2422 1748 reliquit.
2467 1677 2716 1750 Namque
2757 1682 2801 1734 is
2842 1696 3098 1739 successu
3127 1685 3284 1741 hctus
3310 1696 3488 1743 certa-

1879 1768 2064 1832 minis,
2099 1777 2154 1823 et
2177 1784 2428 1840 pompam
2454 1773 2711 1828 attollens
2747 1773 3031 1846 trimnplti,
3066 1777 3194 1834 dum
3228 1781 3488 1852 tripudiat

154 1860 401 1917 levando
443 1863 597 1919 oneri
632 1864 1040 1930 necessarium,
1088 1874 1242 1935 rapto
1269 1867 1624 1931 avertebant,
1675 1880 1773 1920 nec
1804 1865 1851 1924 B
1879 1869 2041 1930 atque
2064 1863 2327 1930 exsnitat,
2369 1879 2750 1937 concussoque
2787 1869 2982 1940 clypeo
3008 1870 3168 1925 simul
3208 1880 3264 1926 et
3307 1873 3489 1944 gladio

153 1953 345 2008 solum
392 1954 548 2009 cibus
576 1956 654 2009 eis
681 1954 970 2026 dispendio
1014 1955 1424 2022 Romanorum,
1472 1958 1568 2013 scd
1611 1958 1773 2013 etiam

153 2045 396 2117 ﬂagitio,
429 2043 458 2083 ιι
496 2046 799 2116 petebatur.
819 2047 987 2117 Cujus
1010 2049 1230 2104 incuriae
1259 2049 1517 2119 probrum
1543 2051 1593 2104 in
1617 2064 1778 2105 exor—

149 2136 258 2192 dio
286 2138 493 2203 statim,
528 2139 850 2208 pncscripto
884 2140 1036 2195 necis
1063 2140 1358 2210 supplicio,
1395 2139 1777 2197 Ctesarremo-

152 2232 293 2295 vit;
350 2229 594 2286 fraudem
643 2234 1226 2302 tamen,pervicaciam
1271 2248 1374 2288 non
1417 2235 1771 2305 compescuit.

148 2325 386 2381 Exclusi
413 2325 557 2380 enim
577 2325 646 2382 ab
666 2326 975 2396 lmjusmodi
990 2328 1189 2398 rapinae
1206 2329 1514 2383 necessario
1528 2329 1778 2384 esurien-

151 2418 313 2473 tibus
344 2418 604 2473 alimenta
633 2461 648 2484 ,
695 2418 988 2474 herbarum
1032 2419 1272 2475 subsidia
1316 2430 1596 2491 captantes
1626 2461 1643 2488 ,
1675 2420 1773 2476 tie-

148 2511 483 2567 struendum
518 2522 730 2567 muruin
773 2524 932 2583 quem
971 2514 1117 2568 circa
1148 2514 1449 2584 pomarium
1480 2512 1633 2569 Titus
1677 2515 1775 2569 tiu-

148 2612 323 2661 xerat
350 2649 364 2673 ,
398 2605 811 2677 cogitaverunt,
847 2615 905 2661 ut
933 2608 1164 2679 vagandi
1194 2617 1248 2663 et
1277 2609 1598 2680 exquirendi
1626 2608 1774 2664 radio

147 2717 258 2757 ces
283 2701 564 2767 arborum,
596 2702 1035 2773 pabulorumquc
1058 2702 1284 2757 liberior
1306 2702 1464 2758 ﬂeret
1486 2717 1771 2770 excursus,

147 2809 304 2866 quos
326 2792 391 2849 ad
410 2793 691 2864 cujusdam
716 2794 955 2851 carceris
985 2796 1157 2850 vicem
1179 2795 1436 2850 circuitus
1460 2796 1598 2849 muri
1627 2797 1775 2851 clau-

146 2897 336 2955 serat,
360 2903 461 2944 nec
485 2898 603 2944 crat
626 2889 737 2959 jam
761 2931 776 2955 ,
809 2905 918 2958 quo
946 2889 1145 2945 famem
1177 2889 1441 2945 levarent.
1491 2887 1776 2958 Obrepunt

150 2987 350 3051 itaque
390 2993 445 3040 et
473 2999 705 3039 excursu
733 2984 1025 3065 repentino
1072 2984 1136 3039 ad
1183 2994 1421 3039 montem
1450 2983 1648 3038 Oliveti
1699 2983 1777 3037 in-

146 3089 359 3152 gruunt
391 3078 857 3149 prtctendentibus
898 3097 909 3132 :
961 3094 1061 3134 nec
1116 3078 1194 3133 illi
1227 3079 1520 3133 commisso
1552 3077 1775 3135 defuere

150 3172 383 3228 muneri
410 3214 424 3239 ,
466 3181 523 3227 et
571 3173 712 3228 tubae
742 3171 973 3228 classico
1001 3172 1069 3227 dc
1094 3171 1311 3227 cmtcris
1348 3181 1650 3227 castrorum
1682 3179 1775 3226 aut

1883 1956 2138 2026 proludit,
2177 1959 2438 2014 excitavit
2465 1959 2520 2014 in
2550 1975 2649 2016 sua
2682 1963 2909 2017 vulnera
2934 1965 3313 2021 centurionem
3348 1965 3489 2022 Pris-

1879 2062 2025 2113 cum,
2081 2049 2175 2120 qui
2229 2052 2464 2121 superba
2506 2061 2557 2108 et
2609 2055 2813 2109 tumida
2840 2055 3143 2125 jactantem
3193 2073 3301 2113 non
3335 2059 3482 2127 tulit,

1879 2152 2044 2214 atque
2100 2144 2374 2199 incautum
2418 2147 2646 2202 victoria
2696 2150 3004 2217 penetravit
3060 2151 3170 2205 ictu
3250 2153 3482 2223 sagittae.

1878 2236 1997 2303 Quo
2022 2245 2224 2293 stratus
2240 2237 2528 2305 Intmtltes,
2545 2240 2733 2295 docuit
2759 2243 2809 2296 in
2834 2241 3024 2311 pra-lio
3042 2243 3317 2298 neminem
3349 2248 3487 2298 irra-

1881 2332 2213 2386 tionabiliter
2252 2332 2520 2387 insultare
2557 2342 2815 2403 oportere
2850 2352 2862 2388 2
2894 2335 2983 2390 ubi
3017 2335 3243 2392 victoris
3271 2347 3324 2391 et
3353 2334 3485 2392 victi

1880 2423 2124 2479 conditio
2147 2426 2375 2493 incerta,
2407 2426 2586 2482 donec
2611 2426 2811 2483 bellum
2835 2427 3143 2486 claudatur.

2392 2516 2622 2575 CAPUT
2662 2518 2956 2575 XXXVIII.

1951 2611 2017 2664 At
2076 2609 2127 2665 in
2180 2610 2312 2665 urbe
2352 2610 2641 2677 interiore,
2692 2626 2814 2667 cum
2848 2612 3062 2668 hostem
3110 2614 3245 2668 intra
3295 2630 3482 2672 muros

1878 2713 2170 2757 cernerent
2206 2701 2488 2758 altissimis
2527 2705 2862 2760 eminentem
2910 2706 3222 2776 aggeribus,
3266 2707 3484 2763 univer»

1877 2792 2059 2863 sisque
2114 2795 2482 2852 imminentem
2533 2797 2826 2867 moenibus,
2881 2807 3136 2867 tanquam
3188 2800 3386 2856 vulnus
3429 2802 3482 2857 in

1877 2900 2128 2956 corpore,
2156 2888 2225 2941 ita
2257 2888 2556 2959 periculum
2587 2889 2883 2946 introrsum
2910 2904 3139 2962 pergere
3163 2891 3485 2948 reformida-

1878 2984 2016 3043 rent,
2063 2977 2393 3033 intercidunt
2445 2980 2714 3049 porticum
2764 2982 3251 3051 septentrionalem
3301 2998 3368 3039 ex
3417 2998 3483 3041 ea

1878 3076 2031 3138 parte
2078 3083 2183 3139 qua
2220 3068 2536 3126 adhaerebat
2562 3070 2837 3136 Antoniae,
2880 3087 2946 3128 ne
2980 3087 3076 3143 per
3104 3072 3279 3144 ipsam
3312 3075 3485 3131 hostis

1879 3161 1932 3217 in
1962 3163 2150 3233 templi
2193 3165 2478 3235 superiora
2518 3165 2870 3232 ascenderet,
2905 3166 2990 3222 vel
3020 3165 3077 3222 in
3126 3168 3486 3224 inferioribus

154 3267 397 3323 turrium
431 3268 782 3322 munimentis
809 3267 943 3321 alios
974 3273 1325 3321 accersernnt
1347 3265 1412 3320 ad
1433 3265 1605 3336 prmlii
1633 3275 1654 3303 ε
1685 3280 1774 3319 so-
1798 3260 1843 3324 C
1877 3255 2012 3310 δίιυθ
2051 3256 2306 3325 imperio"
2351 3268 2567 3327 urgeret
2600 3275 2613 3310 ³
2646 3267 2702 3313 et
2735 3259 2977 3318 θνοκίωθ
3023 3275 3254 3331 ηυωίιυθ
3296 3260 3482 3316 deme‘

149 3363 438 3416 cietatem.
469 3356 787 3414 Conseritur
817 3374 993 3429 pugna
1022 3360 1202 3415 acrior
1231 3358 1284 3413 in
1308 3359 1611 3429 principio:
1644 3358 1773 3413 dum

152 3451 341 3521 pudor
372 3449 497 3515 hos,
524 3450 648 3504 illos
678 3449 845 3505 fames
871 3458 1029 3520 urget
1059 3466 1207 3504 επιξνο
1245 3450 1475 3520 imperio
1499 3464 1560 3503 ac
1584 3462 1773 3505 neces-

150 3543 350 3609 sario;
403 3540 498 3598 sed
548 3543 949 3598 conﬂuentibus
992 3543 1253 3598 Romanis
1297 3544 1635 3613 repelluntur
1681 3542 1773 3599 Ju-

152 3635 265 3691 daei
295 3678 310 3701 ,
358 3644 522 3705 atque
564 3635 629 3691 ad
659 3635 810 3690 urbis
841 3652 953 3691 sum
986 3651 1172 3692 muros
1198 3635 1572 3691 reﬂectuntur.
1624 3633 1775 3690 Tunc

153 3751 306 3792 unus
337 3751 368 3791 e
412 3744 590 3791 turma
619 3735 860 3807 equitum
887 3780 899 3804 ,
948 3735 1220 3791 Pedanius
1268 3734 1486 3791 nomine
1513 3777 1527 3801 ,
1559 3734 1775 3790 concito

154 3843 330 3899 equo,
364 3826 616 3883 dextram
645 3826 890 3881 extendit
917 3868 932 3893 ,
966 3835 1021 3882 et
1050 3842 1109 3880 se
1154 3825 1434 3897 paululum
1466 3825 1735 3881 inclinans
1760 3866 1775 3891 ,

155 3936 333 3976 unum
366 3919 435 3976 de
465 3917 674 3975 Iudaeis
702 3918 995 3990 fugientem
1019 3917 1325 3988 suspendit,
1358 3922 1629 3988 captivum
1657 3917 1774 3973 Cm-

155 4013 270 4070 sari
332 4012 550 4078 ferens,
597 4012 961 4083 glorioschue
1012 4011 1187 4065 victor
1216 4011 1454 4080 rapinae,
1500 4009 1648 4065 velut
1698 4010 1776 4067 le-

154 4106 453 4176 pusculum
501 4105 678 4175 aquila
708 4145 722 4170 ,
771 4112 865 4159 aut
910 4104 1168 4175 accipiter
1232 4102 1451 4158 fulicam
1504 4113 1630 4158 ante
1675 4118 1772 4173 pe-

155 4199 258 4254 des
283 4198 517 4255 Caesaris
539 4196 811 4251 viventem
840 4197 1060 4267 deiecit.
1099 4195 1220 4264 Quo
1246 4194 1556 4251 delectatus
1585 4195 1775 4253 admo-

155 4291 291 4347 dum
322 4289 497 4358 Titus,
529 4289 799 4345 landatutn
837 4305 958 4343 eum
993 4299 1045 4343 ct
1078 4288 1403 4343 honoratum
1432 4287 1658 4343 dimisit.

697 4381 928 4439 CAPUT
970 4380 1242 4437 XXXVII.

228 4479 355 4536 Jam
376 4477 718 4533 circumfusas
749 4477 934 4549 templi
974 4475 1237 4532 ardebant
1260 4476 1535 4546 porticus:
1570 4473 1773 4545 ubique

156 4573 361 4639 luctus,
390 4573 594 4643 ubique
624 4582 799 4627 mors:
849 4571 981 4627 foris
1010 4571 1237 4637 bellum,
1272 4571 1415 4626 intus
1465 4586 1627 4638 supra
1658 4570 1771 4625 bel-

1878 3356 2018 3414 tunt,
2074 3365 2140 3404 ne
2189 3350 2573 3420 populantibus
2624 3351 2894 3407 incendiis
2946 3354 3150 3424 templo
3226 3353 3480 3423 ﬁnitima,

1876 3446 2039 3501 etiam
2092 3447 2355 3514 templum
2386 3446 2561 3516 ipsum
2591 3445 2731 3517 ignis
2755 3446 3173 3516 depasceretur,
3201 3456 3363 3519 atque
3405 3448 3487 3503 in-

1875 3540 2082 3594 tercisa
2114 3539 2223 3609 igni
2256 3551 2491 3595 exurunt
2526 3558 2539 3594 :
2574 3541 2645 3595 ita
2686 3541 2832 3611 quod
2864 3541 2933 3595 ab
2956 3540 3115 3598 hoste
3146 3542 3487 3605 metuebant.

1876 3632 2094 3701 priores
2122 3643 2427 3702 coeperunt.
2478 3632 2793 3690 Salomonis
2832 3648 3051 3705 quoque
3098 3636 3367 3705 porticum
3418 3635 3488 3691 ad

1876 3725 2123 3781 fraudem
2154 3736 2441 3797 pararunt,
2487 3735 2545 3782 ut
2573 3728 2873 3783 culminum
2907 3729 3171 3785 interiora
3215 3731 3490 3798 replerent

1877 3818 1999 3888 pice
2021 3834 2084 3874 ac
2107 3819 2401 3887 bitumine,
2435 3836 2554 3890 quae
2583 3816 2611 3858 ἀ
2643 3819 2783 3876 infra
2812 3820 3080 3877 fornicem
3114 3825 3310 3878 summi
3340 3824 3479 3879 late-

1876 3920 1997 3966 rent
2028 3912 2251 3979 fastigii,
2286 3913 2654 3984 simulataque
2688 3914 2830 3983 quod
2875 3928 2996 3971 eam
3026 3916 3233 3971 vellent
3285 3917 3478 3973 defen-

1875 4003 2025 4070 dere,
2074 4012 2128 4059 et
2169 4003 2486 4074 frequentes
2528 4004 2713 4059 hostes
2762 4006 3126 4072 incesserent,
3181 4008 3486 4064 sollicitant

1876 4096 2151 4150 Romanos
2178 4106 2342 4167 atque
2372 4097 2426 4152 in
2453 4110 2576 4151 sese
2607 4096 2869 4152 excitant.
2901 4097 2983 4153 Illi
3007 4096 3242 4154 admotis
3294 4100 3485 4168 scalis,

1875 4202 2085 4244 summa
2117 4188 2361 4258 porticus
2410 4198 2640 4258 petunt:
2689 4187 2866 4245 Judari
2916 4190 3037 4246 loco
3084 4191 3345 4260 paulatim
3389 4207 3485 4248 ce-

1875 4282 2026 4347 dere,
2046 4281 2195 4351 quod
2225 4281 2410 4353 plures
2452 4281 2687 4337 Romani
2717 4283 3103 4339 ascenderant.
3147 4283 3214 4341 Hi
3237 4287 3485 4342 certatim

1876 4373 2142 4443 irrepere,
2179 4383 2362 4430 tamen
2407 4377 2789 4445 prudentiores
2830 4378 3072 4448 suspecti
3105 4377 3217 4435 doli
3246 4395 3484 4437 cavere:

1874 4467 1974 4526 sed
2000 4469 2197 4540 vulgus
2228 4470 2498 4527 intentum
2534 4471 2804 4538 victoriae,
2841 4470 3236 4541 przefestinare,
3270 4474 3358 4529 ubi
3391 4489 3481 4531 res

1878 4561 2063 4617 fraude
2092 4578 2283 4619 carere
2312 4564 2447 4629 visa,
2480 4563 2730 4634 plurimis
2785 4566 2938 4634 quasi
2985 4564 3131 4619 inter
3171 4566 3308 4621 retia
3341 4567 3490 4624 loca-

157 4664 274 4721 lum
322 4672 377 4720 et
406 4662 739 4719 incendium.
767 4662 875 4718 Nec
909 4662 1299 4733 frangebantur
1329 4662 1526 4718 animis
1554 4661 1726 4718 Judaei
1756 4678 1769 4716 :
1801 4648 1851 4708 D
1880 4661 1969 4723 tis,
2005 4658 2326 4713 admovetur
2378 4658 2518 4728 ignis
2557 4657 2856 4715 fornicibus
2885 4660 3236 4715 interioribus
3257 4701 3273 4726 ,
3325 4673 3491 4732 atque

160 4757 429 4827 putabant
468 4754 722 4810 vindicta:
749 4755 949 4825 perire,
999 4752 1264 4824 quidquid
1301 4754 1420 4808 sine
1460 4753 1652 4809 fraude
1677 4769 1773 4823 ge-

157 4861 349 4906 rerent
378 4847 463 4904 vel
494 4848 807 4904 insolentia.
842 4846 1076 4916 Quando
1122 4847 1413 4916 aliterjatn
1439 4848 1774 4917 nequibant,

160 4943 538 5013 provocabant
558 4941 834 4998 Romanos
853 4941 920 4997 ad
934 4941 1133 4996 excidii
1153 4940 1779 4996 celeritatemJonatbes

159 5034 387 5105 quidam
435 5035 663 5106 exiguus
707 5048 959 5104 corpore,
1008 5032 1274 5103 despectu
1322 5032 1569 5104 dignior,
1622 5033 1778 5103 juxta

159 5126 392 5184 Joannis
407 5129 715 5197 sepulcrum
733 5128 1035 5185 lacessebat
1063 5128 1364 5194 Romanos,
1390 5137 1449 5183 ut
1472 5142 1655 5184 secum
1683 5127 1777 5198 qui

159 5222 350 5287 vellet,
378 5232 543 5277 manu
595 5221 941 5278 decerneret.
970 5221 1109 5277 Aliis
1135 5221 1568 5293 despicientibus
1601 5220 1776 5292 pusil-

161 5313 372 5371 litatem
420 5314 679 5382 hominis,
705 5313 824 5372 aliis
849 5314 1253 5370 fastidientibus
1270 5330 1399 5370 cum
1432 5329 1497 5369 eo
1519 5313 1774 5369 decerta-

164 5421 243 5474 re,
273 5418 438 5479 quen‘t
490 5407 755 5462 continuo
798 5406 1071 5478 captivum
1118 5406 1359 5462 habituri
1412 5406 1621 5472 forent,
1650 5406 1773 5463 aliis

161 5500 640 5556 considerantibus
677 5500 984 5571 periculoso
1011 5501 1315 5556 certamine
1339 5514 1453 5556 rem
1492 5500 1611 5571 geri
1645 5514 1771 5556 cum

163 5591 321 5661 viris,
342 5594 436 5665 qui
470 5595 527 5650 in
552 5595 812 5652 extremis
837 5594 1033 5651 salutis
1059 5602 1169 5650 non
1200 5594 1383 5665 aliqua
1407 5591 1730 5650 fortitudine
1751 5634 1767 5662 ,

238 5714 265 5742 ιι
294 5705 637 5763 Intolerabili.
668 5708 862 5764 Buta"

237 5774 268 5814 ι’
295 5776 611 5849 Periclitatur
641 5821 654 5833 .
691 5819 705 5833 .
745 5824 757 5835 .
795 5819 808 5833 .
847 5820 857 5833 .
888 5778 1118 5849 injuria.
1150 5780 1227 5836 In.

241 5854 265 5884 θ
313 5846 686 5907 Necessitatem
720 5850 896 5907 Buta.

1883 4761 1906 4788 ε
1928 4751 2129 4807 additis
2144 4752 2264 4823 pice
2277 4752 2614 4808 etbitumine
2640 4763 2804 4822 atque
2825 4754 3040 4809 ceteris
3063 4754 3300 4809 incendii
3316 4755 3492 4810 nutri-

1882 4846 2100 4910 mentis,
2124 4846 2176 4899 in
2211 4854 2377 4900 totam
2402 4844 2724 4900 diffunditur
2756 4847 3047 4917 porticum.
3079 4844 3480 4903 Circumvalla—

1883 4940 2013 4996 bant
2063 4939 2296 4995 liammm
2342 4939 2580 4996 victores
2608 4939 2907 5003 Romanos,
2961 4949 3017 4995 ut
3049 4956 3149 4996 nec
3198 4941 3491 4998 resistendi

1886 5032 2118 5090 facultas
2148 5040 2491 5105 suppeteret,
2539 5048 2641 5088 nec
2672 5032 2912 5105 fugiendi
2955 5035 3113 5105 copia
3142 5052 3156 5089 :
3190 5035 3319 5105 quid
3348 5036 3490 5092 face-

1886 5136 2009 5183 rent
2038 5143 2141 5182 non
2187 5126 2550 5197 reperiebant.
2584 5126 2881 5197 Spectabat
2909 5128 3067 5184 Titus
3094 5143 3222 5184 suos
3270 5131 3490 5201 pericli-

1885 5231 2086 5288 tantes,
2137 5219 2427 5292 indignans
2451 5222 2671 5293 quidem
2701 5223 2845 5293 quod
2874 5223 3064 5293 injussi
3103 5227 3484 5294 ascenderant,

1877 5314 1974 5369 sed
2025 5314 2294 5370 miserans
2343 5314 2486 5385 quod
2535 5315 2775 5370 victores
2817 5316 3081 5386 perirent.
3118 5316 3375 5389 Plerique
3425 5334 3488 5376 se

1878 5409 2176 5479 praecipitio
2223 5407 2465 5465 dabant:
2512 5408 2607 5464 sed
2666 5409 2754 5463 ubi
2810 5409 3121 5465 incendium
3174 5421 3483 5479 evaserant,

1873 5501 2058 5559 fractis
2089 5502 2365 5566 cruribus,
2398 5501 2575 5559 collisi
2602 5516 2831 5573 corpore
2858 5505 3235 5561 moriebantur
3269 5522 3282 5558 :
3320 5507 3484 5561 mise«

1875 5594 1987 5650 rius
2029 5598 2168 5662 erat,
2198 5594 2244 5649 si
2273 5594 2487 5652 debiles
2534 5595 2965 5668 superviverent.
3012 5598 3241 5655 Volebat
3279 5598 3490 5657 subre-

1953 5710 1980 5747 (³
2022 5709 2194 5767 Intra.
2225 5713 2302 5768 In.

1959 5790 1982 5819 θ
2023 5782 2260 5838 Adustis.
2291 5783 2367 5839 In.
