3948 6340
537 252 682 310 2185

1883 249 2128 308 SANCTI
2165 250 2491 309 AMBROSII

3707 251 3835 310 2186

536 368 658 423 nire
701 363 908 432 Caesar,
942 378 1045 422 nec
1071 371 1284 435 poterat
1318 380 1332 417 :
1366 361 1682 418 hortabatur
1730 371 1909 417 tamen
1956 365 2137 433 proxi-
2164 369 2215 430 Α
2244 379 2362 434 quae
2394 375 2544 419 trans
2573 361 2874 419 .Iordanem
2914 362 3080 433 jacet.
3123 361 3263 418 Belli
3290 361 3318 400 ιι
3356 361 3595 418 horrore
3635 361 3835 428 oborto,

2246 471 2370 512 cum
2416 458 2633 513 caeteris
2674 472 2734 513 se
2765 457 2817 511 in
2852 455 3404 528 Hierosolymitanam
3435 454 3632 510 urbem
3661 465 3839 510 contu-
3916 454 3917 484 λ

542 476 684 526 mos,
731 459 999 516 clamabat
1050 469 1106 511 nt
1132 455 1335 513 auxilio
1363 456 1476 512 suis
1525 464 1730 512 essent.
1783 455 1890 512 llas
1939 471 2141 522 voces,

544 551 689 609 lumc
734 553 979 606 dolorem
1027 547 1285 615 Caesaris,
1335 563 1434 620 pro
1463 563 1724 619 supremo
1747 548 1826 603 illi
1875 548 2146 606 habebant

540 647 762 705 solatio.
796 645 910 700 Hoc
951 653 1070 699 erat
1098 642 1380 699 morituris
1419 643 1703 710 viaticum,
1737 641 1843 698 hoc
1899 657 1958 698 se
1998 643 2147 698 velut

543 737 766 794 sublimi
801 736 1045 791 solantes
1084 735 1342 806 sepulcro
1387 735 1456 790 ad
1505 743 1738 791 mortem
1787 733 2142 803 festinabant,

542 831 687 903 quod
721 830 774 885 in
803 829 1106 886 visceribus
1137 831 1375 886 Caesaris
1402 828 1874 886 reconderentur:
1903 845 2003 885 nec
2032 830 2145 884 vita

541 937 732 979 eorum
779 922 1006 992 periret,
1037 937 1267 992 quorum
1296 922 1505 978 viveret
1530 922 1703 994 gloria
1729 923 1821 993 qui
1863 937 2148 977 moreren-

542 1026 631 1072 tur
659 1031 757 1087 pro
777 1015 1020 1082 Caesare,
1049 1017 1425 1088 relinquentes
1451 1016 1534 1071 sui
1557 1015 1932 1072 hacreditatem
1959 1016 2150 1072 trium-

543 1109 734 1181 phum.
779 1110 963 1182 Itaque
992 1111 1084 1166 alii
1129 1110 1702 1168 circumveniebantur
1754 1111 1996 1181 ignibus,
2050 1111 2147 1166 alii

539 1203 1044 1275 praeveniebantur;
1092 1219 1192 1260 nec
1217 1204 1379 1276 longe
1422 1203 1616 1270 hostis,
1655 1203 1750 1275 qui
1774 1202 2022 1260 flammas
2066 1203 2150 1259 fu-

545 1295 786 1368 gientem
817 1295 1027 1352 feriret.

1083 1387 1314 1447 CAPUT
1353 1389 1605 1446 XXXIX.

613 1481 898 1553 Longinus
923 1489 1110 1538 tamen
1136 1483 1372 1555 egregia:
1396 1484 1620 1539 virtutis
1652 1482 1767 1548 vir,
1800 1498 1924 1539 cum
1953 1497 2150 1555 provo-

539 1586 761 1633 caretur
787 1592 818 1632 a
846 1575 1073 1643 Judaais,
1107 1585 1165 1632 ut
1195 1591 1318 1633 sese
1350 1577 1438 1633 his
1468 1577 1838 1633 committeret
1882 1576 2149 1647 promissa

538 1671 734 1728 salutis
762 1670 1060 1726 securitate
1081 1713 1095 1737 ,
1127 1670 1316 1726 maluit
1363 1685 1422 1726 se
1468 1671 1644 1726 solum
1676 1669 1997 1741 transfigere
2036 1669 2151 1740 gla-

2246 536 2407 618 lerat,
2435 550 2580 621 quod
2635 557 2785 606 esset
2829 549 3030 604 tutior:
3061 562 3129 604 eo
3159 563 3374 619 qquue
3398 562 3529 604 suas
3557 546 3842 603 devexerat

2246 657 2400 712 opes,
2457 658 2591 712 quas
2637 641 2911 712 principes
2941 641 3235 698 factionum
3281 641 3533 697 certatim
3583 643 3836 696 invasere.

2247 735 2649 793 Alimentorum
2699 736 2863 792 etiam
2895 737 2941 790 si
2983 735 3114 807 quid
3151 735 3328 806 pretio
3379 733 3737 805 quaesiverat,
3783 733 3842 787 de

2249 829 2498 885 manibus
2544 829 2866 886 eruebatur.
2920 829 3310 901 Exagitabatur
3361 843 3389 883 a
3439 828 3684 900 perfidis,
3737 826 3841 882 dira
3916 835 3917 852 ‘

2249 921 2673 992 imprecabatur,
2705 923 2926 979 volebat
2960 923 3121 991 mori,
3165 922 3262 979 sed
3311 937 3694 992 percussorem
3745 937 3840 977 non

2247 1013 2584 1075 inveniebat.
2623 1014 2890 1071 Malebant
2914 1015 3177 1071 insultare
3207 1015 3434 1083 diutius,
3459 1015 3708 1088 affligere
3731 1031 3841 1086 gra-

2247 1108 2389 1175 vius,
2423 1123 2584 1179 quam
2613 1109 2720 1164 cito
2753 1108 3001 1179 perdere.
3037 1108 3309 1165 Putabant
3336 1107 3596 1180 quamdiu
3623 1109 3839 1173 viveret,

2258 1201 2497 1271 praedam
2557 1201 2694 1257 fore.
2729 1201 3054 1257 Defecerant
3099 1201 3212 1272 jam
3271 1202 3477 1267 omnia,
3533 1211 3589 1257 et
3640 1200 3841 1257 deliciis

2249 1303 2487 1361 assueta,
2516 1296 2790 1364 asperiora
2822 1296 3106 1365 palearum
3146 1295 3228 1350 vel
3257 1296 3534 1352 coriorum
3580 1294 3710 1349 dura
3742 1310 3840 1348 non

2251 1388 2587 1444 emolliebat.
2618 1388 2772 1444 Saeva
2797 1388 2971 1446 fames
2999 1389 3204 1445 intimis
3234 1404 3295 1445 se
3342 1389 3547 1444 infudit
3575 1388 3835 1455 medullis,

2250 1482 2600 1552 exasperavit
2646 1481 2924 1550 humores,
2969 1493 3208 1539 mentem
3253 1483 3568 1554 exagitavit.
3610 1481 3840 1537 Habebat

2252 1573 2452 1629 mulier
2499 1574 2822 1630 infantulum
2849 1591 3012 1646 quem
3038 1579 3338 1646 'genuerat.
3372 1574 3565 1647 Vagitu
3607 1574 3730 1645 ejus
3758 1590 3838 1629 cx-

2220 1668 2380 1734 ’cita,
2407 1681 2531 1722 cum
2563 1682 2623 1722 se
2644 1677 2698 1722 et
2722 1668 3006 1738 parvulum
3038 1669 3431 1723 cornmacerari
3461 1665 3697 1732 videret,
3735 1674 3838 1720 tan-

539 1763 674 1831 dio,
718 1780 880 1835 quam
927 1763 1204 1820 maculare
1257 1763 1459 1834 probro
1487 1764 1747 1819 Romanae
1798 1763 1997 1819 indolis
2041 1762 2154 1819 for-
2185 1759 2230 1820 B
2261 1762 2328 1816 tis
2377 1761 2520 1816 victa
2576 1761 3012 1816 itnmanitatibus
3051 1768 3213 1832 atque
3266 1762 3444 1832 impar
3498 1770 3604 1815 tam
3677 1759 3837 1814 atroci

541 1856 855 1914 titudiuem.
881 1857 1134 1912 Artorius
1165 1865 1352 1912 autem
1392 1857 1526 1912 satis
1555 1866 1734 1912 astute
1775 1871 1907 1912 voce
1952 1869 2148 1927 magna

539 1951 798 2007 clamavit
837 1952 1086 2016 Lucium,
1115 1951 1308 2009 dicens
1343 1969 1357 2006 ε
1391 1951 1579 2007 Haeres
1603 1951 1737 2007 mihi
1776 1953 1886 2007 eris
1908 1992 1923 2018 ,
1970 1951 2017 2008 si
2061 1965 2150 2006 me

542 2042 886 2100 decidentem
917 2045 1226 2116 exceperis.
1279 2046 1350 2099 At
1395 2044 1488 2100 ille
1530 2043 1872 2100 miserandus
1908 2043 2150 2099 occurrit

541 2139 747 2205 ruenti,
777 2147 940 2209 atque
971 2139 1025 2194 in
1053 2155 1112 2194 se
1143 2139 1392 2195 morituri
1440 2153 1632 2195 necem
1665 2137 1973 2194 transfudit.
2007 2136 2148 2193 Vere

541 2229 799 2287 bellicum
827 2239 1236 2300 testamentum,
1271 2246 1377 2287 non
1407 2238 1714 2286 atramento
1736 2230 2023 2300 scriptum,
2051 2228 2147 2284 sed

541 2327 852 2398 sanguine;
883 2339 984 2381 nec
1009 2326 1063 2381 in
1091 2325 1302 2392 charta,
1333 2323 1429 2380 sed
1463 2325 1516 2379 in
1546 2339 1834 2380 mucrone.
1859 2322 2013 2391 Quod
2036 2322 2148 2376 haz-

542 2419 731 2475 redem
755 2417 1030 2486 promisit,
1059 2433 1319 2490 magnum
1353 2419 1516 2490 plane
1546 2416 1848 2488 ingenium,
1893 2424 1950 2470 ut
1992 2416 2143 2471 inve-

543 2513 687 2569 niret
704 2514 1075 2570 voluntarium
1099 2513 1291 2569 mortis
1304 2513 1592 2568 vicarium.
1619 2511 1844 2568 Incensa
1862 2519 1946 2568 est
1965 2510 2149 2582 itaque

543 2605 787 2678 porticus
818 2621 989 2678 usque
1012 2606 1081 2663 ad
1110 2607 1325 2674 turrim,
1349 2622 1512 2678 quam
1535 2605 1775 2662 Joannes
1795 2620 1918 2661 cum
1944 2603 2145 2661 bellum

543 2698 809 2757 adversus
861 2700 1142 2756 Simonem
1190 2711 1447 2772 gereret,
1499 2699 1936 2754 cxmdilicaverat
1980 2713 2147 2768 super

541 2803 730 2864 portas
758 2793 922 2863 regia:
946 2791 1185 2859 domus,
1243 2808 1404 2864 quam
1464 2791 1732 2847 Ezechias
1783 2790 1888 2848 sibi
1943 2805 2037 2846 rex
2077 2788 2146 2846 ad

544 2883 903 2939 habitandum
931 2882 1181 2939 condidit
1209 2900 1222 2938 :
1254 2884 1517 2954 reliquam
1551 2883 1668 2954 ejus
1700 2892 1909 2954 partem
1943 2881 2044 2952 ipsi
2066 2881 2148 2936 di-

543 2987 768 3034 ruerant
820 2977 1020 3034 Judaei.
1078 2978 1335 3048 Sequenti
1404 2993 1621 3048 quoque
1665 2977 1754 3033 die
1806 2993 1837 3031 a
1884 2976 2145 3032 Romanis

541 3076 734 3126 exusta
764 3079 849 3126 est
872 3070 1054 3125 omnis
1078 3070 1319 3141 porticus
1349 3070 1820 3139 septentrionalis,
1862 3084 2034 3140 usque
2077 3069 2144 3123 ad

2253 1853 2573 1923 calamitati,
2602 1853 2853 1910 affectum
2883 1855 3064 1909 amisit
3098 1871 3112 1907 :
3144 1861 3200 1910 et
3228 1851 3447 1923 pietatis
3465 1852 3719 1925 genitalis
3747 1866 3835 1906 usu

2251 1949 2563 2017 obliterato,
2609 1949 2856 2005 dolorem
2889 1948 3194 2015 absorbuit,
3235 1946 3481 2003 furorem
3533 1945 3833 2015 assumpsit.

2249 2042 2524 2098 Conversa
2576 2042 2758 2113 itaque
2801 2041 2868 2095 ad
2897 2039 3185 2112 parvulum
3231 2040 3341 2110 jam
3376 2047 3607 2094 matrem
3654 2037 3831 2102 oblita,

2252 2146 2308 2192 et
2341 2136 2526 2192 furens
2567 2137 2734 2192 animi
2781 2137 2859 2192 sic
2885 2137 2996 2192 ait:
3031 2135 3170 2205 Quid
3204 2135 3300 2191 tibi
3341 2135 3558 2200 faciam,
3605 2132 3831 2204 parvula,

2249 2231 2380 2302 quid
2431 2230 2624 2286 faciam
2658 2231 2802 2286 tibi?
2830 2232 2985 2287 Saeva
3015 2242 3066 2287 te
3104 2231 3464 2286 circumstant
3505 2230 3707 2297 omnia,
3735 2227 3835 2282 bcl-

2251 2325 2386 2391 lum,
2408 2325 2600 2393 fames,
2637 2324 2906 2392 incendia,
2935 2325 3195 2392 latrones,
3229 2326 3402 2380 ruinae
3429 2341 3443 2390 ;
3470 2325 3555 2380 cui
3586 2334 3640 2378 te
3684 2323 3832 2377 mori-

2251 2428 2368 2475 tura
2399 2420 2644 2488 credam,
2679 2431 2770 2474 aut
2796 2420 2885 2476 cui
2953 2428 3005 2475 te
3036 2418 3306 2474 tantillum
3336 2415 3688 2488 relinquam?
3715 2415 3831 2483 Spe-

2251 2529 2522 2580 raveram,
2556 2513 2700 2586 quod
2726 2514 2770 2568 si
2795 2513 3156 2580 adolevisses,
3181 2528 3269 2568 me
3302 2525 3559 2582 pasceres
3589 2521 3827 2574 matrem,

2249 2619 2341 2663 aut
2372 2608 2638 2680 sepelires
2667 2607 3002 2664 defunctam.
3036 2605 3198 2662 Certe
3227 2607 3272 2662 si
3322 2605 3652 2676 praevenires
3673 2603 3827 2666 obitu,

2249 2702 2391 2772 quod
2421 2717 2522 2772 ego
2551 2710 2602 2757 te
2635 2700 2875 2771 pretioso
2906 2700 3112 2755 tumulo
3142 2698 3279 2754 meis
3328 2698 3576 2753 manibus
3605 2695 3831 2752 include-

2248 2808 2389 2850 rem.
2437 2793 2578 2862 Quid
2607 2809 2764 2866 agam
2790 2794 3033 2849 misera?
3064 2791 3278 2849 vivendi
3331 2791 3427 2848 tibi
3457 2807 3521 2846 ac
3556 2790 3687 2845 mihi
3724 2788 3830 2844 nul-

2246 2885 2358 2941 lum
2409 2885 2708 2942 subsidium
2756 2886 2936 2942 video.
2963 2885 3156 2941 Omnia
3204 2894 3396 2956 erepta
3425 2884 3603 2948 nobis,
3653 2883 3737 2939 cui
3786 2891 3830 2934 te

2249 2979 2587 3035 reservabo?
2631 2989 2725 3035 aut
2769 2988 2921 3036 certe
2947 2994 3055 3050 quo
3079 2978 3309 3035 condam
3349 2978 3599 3048 sepulcro
3644 2993 3710 3032 ne
3752 2991 3830 3031 ca-

2251 3072 2410 3126 nibus
2463 3071 2753 3127 aiitihusve
2801 3073 2887 3128 vel
2933 3071 3065 3128 feris
3093 3070 3275 3142 prazda
3322 3071 3445 3126 sis?
3489 3069 3710 3135 Omnia,
3755 3069 3826 3122 in-

541 3165 812 3236 porticnm
839 3163 1186 3220 orientalem.
1217 3161 1349 3218 Nam
1379 3178 1503 3218 cum
1532 3163 1645 3218 suis
1674 3162 1777 3231 ipsi
1823 3177 2016 3218 manus
2060 3161 2142 3216 in-
2175 3157 2220 3220 C
2252 3181 2436 3237 quam,
2467 3175 2659 3237 erepta
2691 3165 2869 3222 nobis.
2913 3166 3080 3222 Potes
3111 3175 3317 3232 tamen,
3366 3163 3545 3221 dulcis
3583 3179 3752 3230 meus,
3783 3171 3828 3217 et

531 3256 769 3328 jicerent
811 3257 1082 3326 aediliciis,
1121 3258 1428 3314 docuerunt
1484 3258 1762 3315 Romanos
1808 3266 1835 3294 δ
1882 3256 1990 3314 illis
2036 3272 2142 3312 non

541 3363 791 3418 parcere.
825 3349 977 3406 Nuda
1003 3361 1122 3406 erat
1144 3351 1256 3422 jam
1287 3351 1473 3421 templi
1509 3352 1696 3417 facies,
1723 3359 1779 3407 et
1801 3367 1943 3407 saeva
1974 3351 2146 3406 homi-

539 3459 670 3498 num
701 3444 872 3499 fames
902 3462 915 3497 :
949 3443 1347 3500 insidiabantur
1370 3443 1475 3500 sibi
1505 3445 1765 3508 invicem,
1797 3445 1920 3513 quis
1948 3445 2034 3500 cui
2060 3461 2145 3500 ra-

538 3541 697 3605 peret
720 3534 925 3589 cibum.
961 3534 1061 3591 Ubi
1089 3535 1335 3590 alimenti
1365 3534 1625 3606 suspicio,
1659 3535 1731 3590 ibi
1762 3535 1964 3592 bellum
2002 3537 2143 3591 inter

535 3625 892 3682 domesticos.
929 3626 1278 3697 Pugnabatur
1309 3641 1407 3697 pro
1434 3628 1582 3693 cibo,
1635 3629 1972 3683 necabantur
2013 3629 2144 3684 cha-

537 3718 764 3786 rissimi,
787 3718 1224 3778 discutiebantur
1237 3719 1507 3788 defuncti,
1524 3735 1592 3777 ne
1609 3721 1728 3792 quis
1747 3721 1887 3776 intra
1908 3723 2141 3778 amictus

535 3826 727 3868 eorum
752 3811 911 3867 cibus
942 3812 1160 3868 lateret.
1191 3813 1458 3869 Simulate
1487 3813 1653 3883 aliqui
1674 3814 1876 3870 mortui
1903 3814 2142 3869 aestima-

535 3905 758 3973 bantur,
793 3922 860 3961 ne
890 3907 1138 3962 viventes
1168 3905 1370 3977 aliquid
1403 3906 1608 3962 habere
1638 3907 1884 3963 alimenti
1920 3922 2140 3978 suspec-

533 4006 822 4055 tareutur:
857 3999 952 4055 sed
982 4015 1051 4055 ne
1081 4000 1329 4055 viventes
1360 4000 1620 4070 quidem,
1668 4009 1762 4056 aut
1810 4002 1934 4057 vitae
1987 4001 2137 4074 fungi

533 4101 890 4156 munere,aut
907 4099 1139 4148 mortem
1153 4092 1411 4148 simulare
1432 4103 1704 4163 poterant.
1728 4093 1927 4150 Verum
1947 4106 2138 4166 aperto

533 4198 631 4238 ore
657 4182 799 4237 sicut
818 4181 992 4237 rabidi
1015 4197 1199 4250 canes,
1227 4199 1484 4240 aurarum
1507 4195 1790 4255 captantes
1811 4189 2132 4258 spiramina,

535 4277 644 4335 huc
668 4285 834 4348 atque
864 4277 992 4334 illuc
1018 4277 1551 4336 circumferebantur
1571 4279 1757 4352 inopia
1788 4281 1948 4337 duce.
1981 4279 2137 4353 Saepe

532 4371 695 4427 etiam
717 4369 872 4441 quasi
897 4369 1035 4426 ebrii
1056 4371 1109 4426 in
1131 4371 1321 4427 cadent
1350 4371 1628 4429 domicilia
1659 4372 2132 4443 regrediebantur,

531 4471 592 4519 ut
619 4463 814 4520 iterum
843 4478 962 4534 quae
991 4478 1160 4520 vacua
1200 4465 1578 4537 reliquerant,
1631 4476 2128 4536 perscrutarentur.

2249 3261 2328 3316 sic
2385 3270 2610 3315 matrem
2638 3275 2861 3330 pascere
2893 3277 2906 3315 :
2937 3260 3150 3316 idoneae
3190 3261 3258 3314 ad
3289 3258 3472 3315 cibum
3503 3273 3692 3314 manus
3713 3268 3826 3312 tua).

2247 3352 2293 3410 Ο
2347 3353 2476 3408 mihi
2526 3354 2714 3410 suavia
2762 3354 2974 3411 viscera
3037 3363 3147 3417 tua,
3197 3360 3348 3409 artus
3391 3352 3639 3424 jucundi,
3695 3349 3827 3421 prius

2245 3461 2407 3518 quam
2450 3461 2548 3502 vos
2578 3447 2793 3517 penitus
2821 3453 3108 3502 consumat
3159 3446 3351 3512 fames,
3397 3443 3612 3501 reddite
3662 3442 3823 3505 matri,

2245 3539 2392 3608 quod
2429 3540 2763 3610 acccpistist:
2797 3540 2936 3606 redi,
2981 3537 3082 3611 fili,
3113 3540 3165 3594 in
3197 3537 3326 3594 illud
3378 3536 3624 3592 naturale
3664 3549 3826 3590 secrc~

2246 3642 2381 3698 tum,
2413 3635 2465 3686 in
2488 3647 2596 3703 quo
2620 3630 2900 3687 domicilio
2920 3631 3197 3702 sumpsisti
3227 3629 3481 3699 spiritum
3507 3647 3520 3683 :
3553 3628 3605 3683 in
3637 3643 3703 3684 eo
3745 3624 3824 3679 tibi

2245 3723 2489 3779 tumulus
2519 3722 2778 3779 defuncto
2801 3734 3041 3794 paretur.
3070 3723 3190 3792 Ipsa
3215 3721 3549 3792 complectar
3569 3733 3724 3791 quem
3743 3731 3823 3787 ge-

2241 3820 2357 3884 nui,
2404 3819 2519 3888 ipsa
2572 3818 2930 3874 cxosculabor
2971 3835 2984 3872 :
3035 3825 3092 3872 et
3137 3815 3281 3887 quod
3314 3813 3652 3885 impatientia
3691 3829 3825 3869 amo-

2241 3912 2319 3968 ris
2349 3911 2547 3978 habet,
2582 3911 2782 3967 habeat
2811 3911 2892 3965 vis
2921 3910 3283 3974 necessitatis,
3339 3916 3399 3962 ut
3440 3912 3555 3978 ipsa
3585 3907 3818 3962 devorent

2241 4021 2395 4062 meos
2425 4014 2596 4075 artus,
2632 4022 2739 4062 non
2788 4005 3075 4070 simulatis,
3106 4003 3201 4059 sed
3234 4003 3517 4074 impressis
3548 3999 3813 4056 morsibus.

2244 4101 2386 4171 Ergo
2431 4110 2550 4154 esto
2596 4099 2750 4155 cibus
2791 4099 2945 4165 mihi,
2977 4097 3131 4153 furor
3176 4096 3503 4172 latronibus,
3533 4093 3821 4151 etvitmfa-

2241 4194 2410 4259 bula,
2459 4209 2578 4262 quae
2626 4193 2741 4250 sola
2787 4193 2940 4250 deest
2992 4192 3390 4248 calamitatibus
3434 4193 3650 4247 nostris.
3698 4187 3818 4256 Quid

2240 4289 2449 4345 faceres
2471 4330 2486 4355 ,
2518 4289 2592 4343 fili
2615 4330 2629 4355 ,
2662 4289 2704 4344 si
2737 4295 2794 4344 et
2835 4297 2889 4342 tu
2934 4287 3102 4342 lilium
3151 4285 3416 4343 haberes?
3445 4285 3666 4342 fecimus
3692 4281 3816 4353 quod

2239 4385 2457 4455 pietatis
2506 4383 2638 4451 fuit,
2667 4383 2932 4440 faciamus
2964 4383 3110 4454 quod
3141 4382 3311 4438 fames
3356 4381 3565 4437 suadet.
3607 4379 3714 4434 Tua
3753 4387 3819 4430 ta-

2238 4491 2360 4532 men
2392 4491 2553 4531 causa
2582 4476 2796 4544 melior,
2829 4485 2884 4531 et
2912 4475 3159 4547 qumdam
3189 4473 3411 4544 pietatis
3438 4473 3674 4544 species;
3707 4470 3813 4540 quia

530 4555 597 4611 Ει
627 4570 751 4614 cum
776 4556 883 4612 3"“
909 4555 1070 4611 ramis
1097 4556 1292 4612 δο¹³ιί³
1337 4573 1444 4612 ηοη
1492 4559 1823 4628 reperirem,
1874 4559 2131 4616 delrahe-
2156 4565 2210 4626 D
2239 4569 2575 4625 tolerabilius
2603 4579 2721 4635 est,
2755 4569 2900 4641 quod
2948 4569 3105 4624 matri
3153 4567 3375 4624 dederis
3402 4569 3582 4626 cibum
3608 4563 3814 4621 visceri-

525 4648 661 4705 bant
685 4649 833 4704 coria
862 4649 1056 4715 scutis,
1087 4658 1146 4704 ut
1174 4650 1298 4706 cibo
1329 4660 1518 4706 essent
1543 4649 1680 4716 sibi,
1733 4667 1856 4722 qua:
1878 4653 2129 4722 praesidia

525 4755 636 4796 non
657 4747 863 4798 essent.
902 4740 1228 4798 Mandebant
1268 4743 1702 4799 calceamentum
1734 4761 1746 4798 :
1801 4760 1903 4801 nec
1960 4745 2133 4815 pudor

525 4841 647 4889 erat
674 4833 914 4888 solutum
952 4833 1182 4904 pedibus
1211 4835 1496 4906 suscipere
1536 4850 1633 4892 ore
1659 4878 1673 4902 ,
1703 4847 1759 4892 ct
1785 4838 1966 4910 lingua
1991 4839 2130 4894 lam-

523 4927 680 4984 bere.
717 4926 952 4982 Vetusta:
977 4941 1195 4997 quoque
1227 4928 1401 4999 paleae
1421 4944 1542 5000 quae
1565 4929 1698 4984 olim
1727 4930 1986 5001 projectre
2013 4931 2132 4987 fuc-

523 5029 671 5086 rant,
705 5034 814 5076 non
841 5018 1104 5075 mediocri
1134 5021 1320 5076 studio
1352 5021 1776 5092 requirebantur
1803 5039 1816 5076 :
1863 5031 1918 5080 et
1945 5024 1988 5079 si
2010 5023 2133 5095 quis

525 5121 828 5186 repererat,
855 5111 1050 5184 grandi
1079 5113 1258 5183 pretio
1285 5115 1589 5170 mutuabat.

1137 5205 1366 5262 CAPUT
1406 5205 1523 5262 XL.

592 5299 730 5371 Quid
760 5299 982 5357 adoriar
1010 5298 1197 5356 dicere
1225 5297 1427 5354 factum
1459 5297 1665 5367 Mariae,
1715 5298 1858 5371 quod
1889 5299 2128 5370 cujusvis

520 5391 740 5450 barbari
769 5403 930 5464 atque
969 5391 1122 5462 impii
1146 5405 1298 5446 mens
1322 5389 1750 5461 perhorrescat?

2238 4662 2338 4718 bus
2369 4663 2475 4717 tuis
2501 4703 2515 4726 ,
2545 4679 2704 4733 quam
2736 4662 2884 4733 quod
2914 4671 2968 4718 te
2999 4671 3173 4718 mater
3197 4703 3212 4729 ,
3251 4671 3346 4717 aut
3384 4663 3632 4718 occidere
3661 4665 3816 4731 potest

2233 4765 2327 4810 aut
2372 4755 2660 4812 devorare.
2721 4755 2849 4812 Haec
2896 4755 3106 4820 dicens,
3158 4769 3352 4811 averso
3409 4756 3558 4811 vultu
3601 4752 3813 4825 gladiunt

2234 4851 2515 4918 demersit,
2543 4862 2599 4907 et
2646 4855 2699 4906 in
2733 4853 2917 4914 frusta
2962 4851 3129 4907 filium
3181 4866 3375 4908 secans
3420 4853 3527 4924 igni
3558 4848 3809 4920 imposuit,

2174 5001 2177 5003 ,
2241 4951 2447 5014 partem
2481 4943 2740 5012 comedit,
2771 4953 2981 5015 partem
3011 4944 3249 5014 operuit,
3279 4959 3348 5000 ne
3372 4945 3492 5016 quis
3518 4941 3808 5014 superveni-

2236 5047 2321 5091 ret
2349 5055 2363 5090 :
2395 5036 2488 5092 sed
2533 5037 2690 5093 nidor
2741 5035 2952 5094 incensi
3014 5037 3265 5108 pervenit
3309 5036 3378 5092 ad
3429 5036 3690 5107 principes
3732 5049 3809 5088 se-

2232 5128 2487 5198 ditionis;
2533 5131 2902 5202 continuoque
2960 5130 3186 5187 odorem
3249 5129 3464 5197 secuti,
3517 5128 3811 5185 introierunt

2231 5224 2480 5281 mulieris
2533 5227 2866 5298 hOSpitium,
2918 5229 3190 5284 minantes
3250 5240 3481 5293 necem,
3518 5223 3653 5294 quod
3696 5232 3807 5276 ausa

2229 5325 2378 5373 esset
2400 5318 2774 5388 jejunantibus
2812 5319 2945 5391 ipsis
2984 5320 3149 5376 edere
3183 5326 3345 5389 atque
3369 5325 3610 5374 exsortes
3635 5328 3724 5370 eos
3747 5312 3809 5363 fa-

2230 5421 2356 5464 cere
2383 5410 2511 5478 cibi,
2546 5426 2708 5483 quem
2756 5412 3070 5484 reperisset.
3121 5409 3194 5467 At
3240 5410 3354 5476 illa,
3383 5421 3590 5482 partem
3634 5403 3803 5476 inquit.

517 5536 525 5544 .
591 5487 669 5544 Ea
697 5495 815 5544 erat
845 5487 916 5544 de
938 5483 1394 5557 locupletioribus
1425 5481 1912 5560 feminis_regionis
1936 5483 2124 5542 Parca:
2233 5510 2472 5559 vesmm
2499 5481 2657 5560 vobis
2680 5481 2895 5561 εετνένί
2917 5520 2931 5560 ε
2957 5519 3067 5562 non
3095 5503 3169 5560 fui
3190 5517 3354 5560 avara
3382 5481 3484 5561 hec
3503 5501 3800 5560 inhumana:

594 5683 623 5714 ι
650 5673 865 5733 Alienis.
896 5677 1068 5732 Bann.

2317 5689 2345 5727 Β
2385 5689 2821 5766 ΤενγονρηΒΑῐιιι.
