3948 6394
182 422 319 479 2185

1035 420 1305 478 HISTOR.
1349 421 1437 478 DE
1478 420 1754 479 EXCIDIO
1793 421 2064 479 HIEROS.
2111 420 2316 478 URBIS
2356 419 2488 476 LIB.
2528 420 2594 476 ν.

3335 427 3478 485 21δ6

188 538 345 594 nolite
375 535 661 608 indignari,
694 535 906 592 habetis
936 536 1081 608 quod
1109 547 1161 594 et
1190 552 1288 594 VOS
1316 537 1511 604 edatis,
1538 537 1606 594 de
1635 537 1769 594 meis
1795 554 1845 614 Α
1875 552 2230 610 quaecumque
2258 536 2310 591 in
2339 534 2482 592 coelo
2513 542 2755 605 potestas
2786 547 2867 591 es.
2902 534 3043 604 Scis,
3066 536 3175 594 scis
3193 539 3439 609 profecto
3465 586 3481 609 ,

186 630 332 687 vobis
376 628 676 685 visceribus
736 628 915 685 cibum
966 630 1174 700 paravi.
1230 628 1520 686 Considete
1566 629 1763 685 ocius:

187 739 420 781 mensam
465 738 735 794 apponam
766 741 781 778 :
815 722 1005 780 mirari
1048 723 1280 789 habetis,
1313 732 1368 779 et
1409 723 1766 779 ministerium

187 824 360 874 meum
400 825 429 855 ι
470 816 744 884 indicate,
801 817 943 889 quod
990 817 1153 873 talem
1202 817 1403 872 nullius
1448 818 1768 873 inveneritis

189 910 422 966 mulieris
449 909 699 966 allectum
723 950 737 976 ,
769 924 891 982 quae
917 925 1014 968 vos
1043 925 1147 967 nec
1170 908 1341 966 dulcis
1370 910 1463 964 lilii
1494 908 1774 964 fraudaret

187 1004 367 1075 gratia.
400 1002 524 1058 Haac
552 1000 773 1072 dicens,
801 1003 963 1058 simul
987 1003 1304 1073 redoperuit
1327 1002 1576 1058 ambusta
1600 1017 1773 1057 mem-

189 1098 300 1162 bra,
322 1104 376 1152 et
399 1094 665 1166 epulanda
690 1094 887 1152 obtulit
906 1111 1030 1153 cum
1055 1094 1436 1152 adhortatione
1460 1094 1772 1166 huiusmodi

189 1188 488 1245 sermonis:
520 1188 634 1245 Hoc
680 1197 763 1245 est
818 1189 1107 1260 prandium
1167 1204 1385 1258 meum,
1430 1187 1549 1245 hrec
1593 1194 1773 1243 vestra

191 1284 359 1354 [.07th
389 1300 402 1337 :
436 1282 613 1339 videte
637 1281 968 1355 diligentius,
998 1298 1066 1339 ne
1094 1297 1192 1338 vos
1222 1281 1606 1338 fraudaverim.
1632 1280 1776 1337 Ecce

190 1379 331 1451 pueri
364 1392 554 1433 manus
576 1393 704 1445 una,
734 1392 862 1434 ecce
888 1392 985 1448 pes
1008 1376 1125 1447 ejus
1154 1391 1316 1443 unus,
1339 1391 1466 1432 ecce
1492 1375 1774 1431 dimidium

190 1470 375 1540 reliqui
417 1470 708 1541 corporis:
740 1479 797 1526 et
847 1485 916 1525 ne
962 1470 1197 1526 alienum
1247 1471 1482 1540 putetis,
1514 1468 1657 1523 ﬁlius
1694 1474 1781 1524 est

193 1577 369 1629 meus;
399 1577 469 1617 ne
512 1562 740 1618 alterius
782 1577 917 1632 opus
946 1560 1287 1617 arbitremini
1322 1577 1335 1615 :
1373 1576 1474 1632 ego
1503 1558 1639 1628 feci,
1675 1574 1777 1631 ego

192 1656 470 1728 diligenter
495 1655 649 1712 divisi
678 1656 808 1711 mihi
837 1655 984 1727 quod
1014 1655 1421 1723 manducarem,
1450 1655 1605 1712 vobis
1632 1655 1778 1725 quod

191 1765 541 1806 reservarem.
574 1748 876 1821 Numquam
908 1750 1041 1805 mihi
1067 1749 1216 1805 fuisti
1245 1748 1458 1804 dulcior
1481 1791 1497 1815 ,
1529 1746 1606 1803 lili
1638 1764 1651 1801 :
1683 1746 1779 1803 tibi

190 1844 374 1910 debeo,
406 1844 553 1915 quod
599 1843 775 1901 adhuc
810 1843 963 1901 vivo.
997 1844 1109 1899 Tua
1154 1844 1394 1900 suavitas
1433 1843 1671 1899 animam
1701 1851 1782 1898 te-

1872 632 1997 704 quia
2025 631 2217 687 intimo
2245 629 2442 687 affectu
2468 644 2655 701 pacem
2686 629 3002 702 frequenter
3021 632 3215 700 obtuli,
3251 644 3305 691 et
3340 638 3486 708 quod

1874 740 1983 780 non
2025 723 2189 795 pudet
2210 722 2398 780 dicere
2416 765 2430 790 ,
2462 723 2634 779 victor
2660 724 2848 795 rogavi
2879 725 3041 795 :quia
3066 741 3292 796 parcere
3312 730 3477 784 etiam

1872 817 2006 889 ipsis
2029 825 2298 873 tantorum
2314 816 2639 886 ﬂagitiorum
2662 816 3142 889 prodigiorumque
3166 821 3481 878 auctoribus

1874 912 2055 980 volui,
2086 927 2318 985 parcere
2355 911 2588 983 populo,
2612 912 2802 968 urbem
2825 926 3043 969 servare
3069 932 3082 970 :
3111 915 3208 970 sed
3235 916 3364 987 quid
3395 918 3478 971 fa-

1872 1021 2056 1063 cerem
2099 1007 2560 1079 repugnantibus,
2609 1006 2707 1063 sed
2752 1006 2881 1076 quid
2932 1006 3171 1064 facerem
3215 1009 3480 1067 adversus

1874 1116 2004 1158 suos
2032 1101 2387 1157 furentibus?
2412 1100 2618 1157 Positis
2645 1101 2963 1172 plerumque
3001 1103 3198 1171 armis,
3246 1105 3373 1176 quia
3401 1105 3483 1161 illi

1874 1209 1905 1249 a
1934 1209 2160 1250 suorum
2209 1194 2450 1250 caedibus
2481 1209 2591 1250 non
2646 1193 3006 1263 desinebant,
3052 1195 3106 1250 in
3154 1197 3359 1253 bellum
3392 1213 3481 1254 re-

1878 1288 2053 1356 verti,
2098 1295 2159 1342 ut
2196 1288 2489 1344 liberarem
2529 1289 2785 1344 obsessos
2809 1331 2823 1354 ,
2878 1304 2985 1344 non
3014 1289 3339 1361 perderem:
3382 1293 3485 1363 ipsi

1876 1394 1977 1435 nos
1996 1379 2064 1435 de
2083 1379 2253 1434 muris
2278 1379 2475 1435 hortati
2503 1394 2650 1450 saepe
2674 1389 2803 1437 sunt
2848 1379 3128 1448 dimicare,
3157 1398 3227 1439 ne
3254 1385 3478 1455 gravius

1879 1486 1908 1526 a
1938 1473 2052 1528 suis
2083 1473 2341 1543 perirent.
2375 1472 2576 1540 Quales
2605 1485 2731 1528 sunt
2758 1473 2926 1540 cives,
2958 1475 3158 1544 quibus
3189 1475 3363 1535 hostis
3387 1494 3477 1533 re~

1881 1562 2063 1619 medio
2084 1564 2213 1619 est?
2242 1563 2534 1620 Audieram
2562 1562 2815 1635 equidem
2870 1564 3269 1623 intolerabilem
3317 1567 3479 1639 hujus

1879 1672 2001 1714 esse
2032 1657 2218 1728 populi
2241 1656 2582 1714 ferocitatem
2613 1699 2628 1726 ,
2660 1657 2752 1729 qui
2799 1658 3208 1718 incredibilibus
3256 1677 3319 1718 se
3361 1664 3482 1734 opi-

1880 1751 2133 1807 nionibus
2159 1750 2213 1806 in
2245 1766 2463 1838 omnem
2483 1753 2684 1808 excitat
2713 1752 3079 1810 insolentiam.
3140 1754 3217 1810 De
3239 1757 3381 1813 caelo
3422 1773 3485 1815 se

1881 1860 2054 1916 genus
2083 1844 2306 1911 ducere,
2331 1845 2405 1901 ibi
2428 1845 2663 1916 primum
2696 1844 2939 1903 induisse
2955 1847 3203 1918 corporis
3228 1848 3484 1919 formam,

192 1943 299 1995 nuit
338 1955 515 1997 meam
539 1984 554 2008 ,
588 1948 643 1996 et
673 1939 926 2011 produxit
956 1940 1114 1995 matri
1147 1940 1362 1995 miserm
1390 1939 1534 1995 diem
1567 1940 1777 1995 mortis.
1810 1946 1859 2007 Β
1885 1937 2007 1994 coeli
2035 1952 2096 1993 se
2116 1936 2284 1993 fuisse
2325 1936 2531 1993 incolas
2558 1978 2573 2003 ,
2612 1936 2963 1994 descendisse
3011 1940 3079 1994 ad
3108 1939 3287 1997 cultus
3309 1951 3483 1999 terra-

189 2037 492 2093 Subvenisti
524 2037 576 2091 in
600 2036 742 2093 fame
774 2055 786 2090 :
823 2046 878 2091 tu
910 2051 1107 2091 munus
1154 2049 1468 2106 supremum
1514 2043 1775 2099 senectae,

190 2144 563 2200 percussorum
592 2144 894 2201 repressor.
928 2128 1206 2185 Venerunt
1231 2127 1471 2184 necaturi
1492 2168 1508 2195 ,
1538 2125 1783 2182 convivat:

192 2221 310 2278 facti
339 2231 469 2278 sunt
502 2239 516 2276 :
545 2220 821 2277 habebunt
862 2221 963 2291 ipsi
1013 2220 1160 2292 quod
1185 2218 1213 2258 ι’
1247 2221 1344 2275 tibi
1374 2219 1629 2287 debeant,
1657 2233 1780 2275 cum

192 2316 368 2386 epulas
395 2329 546 2370 meas
572 2313 927 2385 sumpserint.
955 2312 1064 2370 Sed
1111 2311 1240 2383 quid
1288 2312 1503 2368 refertis
1529 2310 1781 2383 gradum,

191 2408 312 2479 quid
361 2407 683 2464 horrescitis
728 2407 950 2471 animo,
1001 2420 1098 2460 cur
1142 2420 1253 2460 non
1303 2403 1595 2476 epulamini
1641 2401 1786 2474 quod

194 2508 356 2555 mater
401 2499 549 2555 feci?
576 2498 811 2554 Possunt
841 2509 896 2554 et
922 2513 1019 2554 vos
1045 2496 1321 2553 delectare
1340 2539 1354 2564 ,
1388 2513 1509 2568 qua:
1548 2505 1783 2552 matrem

195 2600 589 2648 exsaturarunt.
634 2590 756 2647 Non
800 2590 984 2647 esurio
1004 2591 1152 2661 jam,
1193 2599 1476 2661 postquam
1514 2603 1602 2644 me
1645 2587 1789 2644 filius

196 2701 338 2742 meus
372 2684 527 2758 pavit
557 2701 571 2739 :
599 2683 813 2741 abunde
840 2680 1100 2739 exsatiata
1142 2698 1264 2738 sum
1287 2723 1302 2748 ,
1331 2680 1530 2738 famem
1558 2680 1743 2737 nescio
1771 2700 1785 2735 :

198 2778 410 2835 Gustate
462 2785 518 2833 et
563 2776 773 2845 videte,
824 2777 951 2849 quia
1001 2775 1183 2832 suavis
1228 2775 1374 2831 filius
1402 2790 1579 2831 meus.
1612 2774 1790 2832 Nolite

198 2872 305 2928 fieri
333 2872 614 2929 molliores
658 2879 854 2940 matre,
882 2870 1213 2927 inﬁrmiores
1240 2869 1485 2926 muliere.
1520 2872 1590 2926 At
1618 2870 1663 2926 si
1692 2884 1789 2926 vos

197 2968 246 3022 in
271 2984 389 3026 meo
417 2969 649 3026 vulnere
693 2968 1076 3025 misericordes
1102 2969 1256 3036 estis,
1290 2976 1344 3024 et
1376 2984 1483 3024 non
1514 2968 1790 3039 suscipitis

199 3061 420 3121 hostiam
443 3077 643 3130 meam,
660 3070 823 3135 atque
838 3062 1166 3119 aversamiui
1191 3061 1565 3119 holocaustum
1586 3078 1788 3129 meum;

198 3171 291 3227 ego
336 3155 729 3213 consummabo
787 3154 1114 3212 sacriﬁcium
1178 3170 1357 3211 meum
1390 3196 1406 3223 ,
1454 3154 1793 3211 mandueabo

200 3248 334 3319 quod
371 3250 644 3320 reliquum
690 3257 795 3305 est.
843 3247 1035 3304 Videte
1084 3263 1150 3304 ne
1195 3248 1350 3306 vobis
1397 3250 1694 3322 opprobrio
1722 3249 1794 3305 sit

1879 2047 2026 2097 rum,
2055 2030 2122 2087 de
2155 2030 2313 2087 terris
2343 2030 2410 2086 ad
2436 2030 2635 2088 malum
2683 2030 2865 2087 redire
2887 2073 2902 2099 ,
2935 2032 3195 2091 transisse
3229 2049 3325 2105 per
3364 2050 3482 2092 ma-

1878 2124 1959 2179 ria
1989 2124 2134 2180 sicco
2155 2124 2315 2196 pede,
2348 2123 2553 2196 fugisse
2609 2134 2735 2181 ante
2764 2141 2824 2182 se
2861 2124 3057 2182 ﬂuctus
3104 2128 3271 2185 maris
3297 2170 3313 2196 ,
3343 2144 3475 2186 con-

1881 2232 2040 2274 versa
2070 2217 2324 2274 Jordanis
2368 2218 2572 2275 ﬂuenta
2613 2219 2669 2275 in
2699 2233 2856 2275 suum
2894 2220 3095 2277 fontem
3136 2224 3482 2291 recurrisse;

1883 2312 2103 2368 stetisse
2126 2311 2320 2379 solem,
2351 2323 2410 2367 ut
2436 2310 2491 2366 bi
2517 2310 2706 2367 hostes
2735 2326 2867 2368 suos
2914 2313 3197 2374 vincerent
3227 2356 3242 2381 ,
3277 2331 3346 2373 ne
3374 2331 3486 2373 nox

1885 2405 2201 2476 impediret:
2235 2414 2421 2477 raptos
2472 2406 2525 2460 in
2556 2404 2754 2462 cmlum
2801 2406 2974 2477 igneis
3020 2408 3269 2463 curribus
3316 2425 3486 2479 suos,

1888 2499 2161 2570 praeliatas
2191 2514 2290 2570 pro
2317 2513 2378 2555 se
2416 2499 2542 2556 caeli
2581 2507 2878 2570 potestates
2903 2542 2917 2566 ,
2959 2509 3011 2555 et
3046 2502 3362 2559 absentibus
3403 2504 3487 2560 his

1890 2592 2168 2648 universas
2206 2592 2442 2648 hostium
2486 2592 2637 2647 fusas
2675 2592 2892 2662 e0pias,
2918 2592 3314 2650 dormientibus
3359 2611 3485 2666 par-

1890 2691 1998 2739 tam
2025 2684 2326 2740 victoriam.
2362 2684 2489 2739 Haec
2512 2698 2907 2754 compereram,
2940 2685 3035 2740 sed
3065 2686 3317 2756 putabam
3341 2689 3489 2759 quod

1888 2778 2073 2834 divina
2098 2777 2240 2834 circa
2266 2792 2326 2833 se
2351 2775 2624 2847 iactarent
2649 2776 2935 2845 beneﬁcia,
2963 2793 3069 2833 non
3099 2793 3487 2854 usquequaque

1889 2871 2171 2929 audaciam
2201 2870 2562 2927 extenderent
2593 2911 2608 2937 ,
2656 2879 2714 2925 ut
2743 2885 2803 2926 se
2834 2886 2933 2926 nec
2965 2889 2995 2926 a
3039 2871 3300 2928 Romanis
3347 2875 3488 2931 vinci

1889 2978 2048 3035 posse
2072 2963 2490 3019 arbitrarentur.
2523 2962 2779 3033 Agnosco
2815 2962 3002 3034 itaque
3042 2978 3166 3019 cum
3216 2963 3301 3022 his
3332 2966 3488 3023 nobis

1890 3070 2012 3112 esse
2034 3054 2279 3127 praalium
2310 3096 2325 3122 ,
2358 3055 2529 3127 quise
2550 3055 2946 3125 insuperabiles
2976 3056 3205 3113 credant
3230 3099 3247 3125 ,
3283 3074 3404 3116 eum
3430 3078 3491 3119 se

1887 3149 2139 3221 jactiteut
2168 3148 2358 3204 diluvii
2384 3149 2736 3219 superstites,
2771 3148 3019 3205 haeredes
3041 3150 3324 3207 fluminum
3349 3195 3364 3219 ,
3393 3164 3491 3210 ter-

1895 3258 2075 3297 rarum
2101 3243 2363 3313 hospites,
2388 3242 2626 3299 viatores
2647 3257 2955 3313 aequoreos,
2981 3258 3300 3301 ascensores
3318 3247 3490 3304 tethe-

202 3341 333 3411 quod
360 3341 554 3397 fortior
581 3341 739 3397 vobis
768 3340 967 3398 mulier
992 3351 1208 3413 reperta
1254 3344 1366 3413 sit,
1394 3360 1515 3414 qua:
1541 3345 1793 3401 absume-

1896 3352 2052 3404 reos;
2084 3336 2283 3408 quibus
2304 3336 2444 3392 unda
2473 3351 2662 3391 murus
2681 3344 2787 3404 est,
2816 3351 2910 3393 aer
2931 3337 3252 3406 via,coelum
3283 3337 3493 3395 habita-

202 3443 273 3486 ret
301 3433 491 3503 epulas
515 3433 779 3489 virorum.
809 3433 922 3505 Ego
952 3433 1170 3504 quidem
1200 3433 1336 3491 tales
1364 3436 1549 3506 paravi
1580 3437 1791 3507 epulas,

202 3525 289 3581 sed
335 3540 435 3583 vos
481 3525 561 3582 sic
612 3526 823 3597 epulari
870 3534 1101 3582 matrem
1149 3525 1352 3585 fecistis
1391 3545 1405 3581 :
1443 3543 1532 3584 me
1578 3528 1797 3585 tenebat

206 3618 392 3686 passio,
422 3616 527 3673 sed
557 3617 686 3674 vicit
724 3618 1047 3675 necessitas.

792 3710 1021 3769 CAPUT
1058 3712 1199 3771 XLI.

265 3806 515 3880 Replevit
570 3808 834 3866 continuo
881 3817 1052 3866 totam
1116 3811 1306 3867 urbem
1368 3811 1506 3867 tanti
1566 3813 1796 3870 sceleris

205 3900 373 3970 nefas,
412 3910 511 3959 etc
541 3902 827 3974 utriusque
860 3912 1134 3974 tamquam
1175 3913 1301 3960 ante
1327 3904 1514 3960 oculos
1535 3906 1793 3975 positum,

205 3995 536 4064 parricidalis
582 3996 820 4052 convivii
882 3995 1251 4053 ministerium
1314 3996 1795 4068 perborrescebat.

205 4087 496 4161 Coeperunt
541 4099 597 4147 et
645 4091 748 4162 ipsi
794 4090 1111 4147 incentores
1157 4088 1447 4146 seditionis
1482 4092 1799 4147 examinare

206 4194 321 4254 post
364 4188 515 4254 haec,
567 4201 707 4258 quos
745 4196 1001 4258 raperent
1041 4186 1193 4243 cibos
1218 4226 1234 4255 ,
1276 4201 1346 4243 ne
1394 4185 1601 4243 similes
1640 4202 1797 4244 escas

206 4274 537 4345 invenirent,
567 4287 621 4334 et
653 4279 804 4335 velut
829 4277 1207 4349 imprudentes
1246 4288 1550 4335 sumerent.
1599 4278 1796 4350 Crepe-

116 4446 135 4453 Ἠ
206 4379 320 4427 runt
346 4372 587 4429 universi
601 4372 815 4441 timere,
832 4388 900 4428 ne
930 4372 1024 4429 diu
1053 4374 1393 4442 viverent,et
1415 4373 1555 4428 mori
1575 4374 1794 4430 vellent.

208 4464 453 4523 Pervenit
497 4467 659 4523 etiam
691 4468 760 4524 ad
786 4467 1066 4525 Romanos
1095 4468 1255 4540 hujus
1292 4470 1416 4525 lacti
1461 4469 1794 4525 immanitas.

208 4558 331 4616 Nam
382 4563 631 4634 plerique
678 4562 782 4620 hoc
827 4564 1057 4621 horrore
1105 4563 1417 4635 perterriti,
1463 4563 1530 4619 ad
1583 4563 1797 4620 hostem

208 4652 472 4726 fugerunt.
498 4657 616 4723 Quo
646 4666 927 4729 comperto
965 4657 1168 4727 Cmsar,
1214 4668 1531 4715 exsecratus
1566 4658 1799 4715 infelicis

1897 3434 1990 3499 tio,
2024 3431 2224 3489 cedunt
2253 3432 2488 3486 flamma:
2509 3473 2526 3500 ,
2558 3444 2661 3487 nec
2690 3429 2904 3486 vincula
2935 3438 3139 3487 tenent.
3172 3430 3497 3488 Sitientibus

1897 3535 2048 3598 petra
2078 3526 2322 3593 solvitur,
2357 3540 2422 3581 ac
2445 3540 2571 3583 sese
2610 3524 2786 3581 fundit
2816 3525 2867 3579 in
2901 3536 3082 3596 potus.
3115 3526 3498 3584 Esurientibus

1892 3620 2094 3677 ccelum
2140 3619 2404 3690 aperitur,
2456 3618 2611 3675 cibus
2659 3618 2935 3687 mittitur,
2975 3633 3142 3676 carne
3196 3620 3498 3677 volatilium

1896 3723 2076 3771 castra
2130 3713 2448 3784 implentur,
2501 3722 2558 3769 et
2609 3728 2806 3783 panem
2850 3712 3167 3785 angelorum
3208 3715 3502 3773 manducat

1899 3808 2083 3863 homo.
2147 3805 2500 3878 Stringuntur
2553 3805 2814 3876 liquentia
2842 3846 2858 3872 ,
2901 3820 3092 3861 amara
3140 3806 3495 3874 dulcescunt,

1897 3898 1979 3954 sol
2029 3907 2053 3935 ε
2100 3898 2329 3964 statuit,
2374 3895 2614 3953 tenebrae
2663 3895 2991 3955 illuminant.
3034 3897 3322 3955 Postremo
3368 3900 3500 3971 quid

1896 3989 2127 4059 amplius
2177 3999 2355 4060 potest
2403 4002 2562 4057 esse,
2619 3986 2837 4059 quando
2890 3987 2975 4044 his
3032 3989 3261 4046 audacia
3305 3992 3498 4048 deesse

1898 4083 2120 4153 potest?
2146 4081 2271 4149 Qui,
2302 4082 2563 4148 utaiunt,
2604 4082 2806 4137 mortui
2827 4084 3017 4137 vivunt
3049 4122 3066 4150 ,
3105 4091 3161 4139 et
3189 4085 3387 4154 sepulti
3411 4101 3499 4142 rc-

1904 4176 2253 4233 suscitantur.
2301 4175 2578 4232 Adversus
2635 4174 2820 4230 divina
2877 4190 3094 4247 quoque
3148 4177 3496 4248 conspirasse

1899 4271 2000 4327 hos
2020 4271 2269 4327 homines
2306 4270 2492 4342 opinio
2528 4269 2786 4341 frequens
2815 4311 2830 4337 ,
2871 4278 2928 4326 et
2963 4284 3121 4342 paena
3151 4270 3355 4327 indicio
3390 4281 3495 4328 est.

1909 4362 2119 4420 Ardent
2149 4362 2311 4419 hodie
2357 4377 2571 4434 quoque
2602 4371 2764 4418 terrae
2800 4371 3023 4432 propter
3049 4361 3347 4418 incolarum
3399 4363 3500 4417 im~

1900 4454 2190 4525 pietatem:
2219 4456 2515 4525 plerosque
2535 4454 2698 4510 etiam
2728 4468 2795 4509 ex
2825 4452 2944 4508 istis
2972 4450 3152 4509 hiatus
3181 4453 3283 4508 soli
3312 4454 3504 4509 absor-

1899 4547 2037 4603 buit.
2060 4547 2329 4615 Quamdiu
2350 4547 2512 4618 igitur
2560 4548 2613 4601 in
2642 4545 2725 4602 bis
2761 4545 2899 4603 locis
2930 4546 3305 4602 morabimur?
3331 4547 3418 4602 ubi
3446 4558 3504 4603 et

1901 4648 2164 4696 terrarum
2188 4641 2340 4705 ruina
2357 4648 2457 4707 est,
2473 4638 2701 4696 vidimus
2718 4647 2775 4696 et
2795 4653 2943 4696 mare
2958 4647 3252 4707 mortuum,
3271 4639 3508 4698 vidimus

209 4752 356 4804 term,
384 4750 723 4821 contagium,
756 4728 948 4807 manus
969 4750 1038 4807 ad
1059 4751 1261 4808 εωιυηι
1283 4751 1503 4809 elevans
1531 4753 1653 4808 tam
1678 4767 1806 4824 pro-
1829 4728 1883 4789 D
1908 4734 2069 4789 etiam
2100 4743 2313 4791 mortua
2347 4743 2613 4789 terrarum
2646 4734 2964 4800 nascentia“,
2993 4732 3217 4788 humum
3247 4733 3454 4790 aridam
3485 4777 3499 4800 ,

210 4842 540 4898 testabatur:
594 4843 675 4898 Ad
730 4843 935 4900 bellum
966 4844 1187 4916 quidem
1231 4846 1480 4903 venimus
1508 4888 1523 4912 ,
1554 4846 1651 4902 sed
1694 4862 1803 4902 non

209 4946 323 4987 cum
356 4933 665 4993 hominibus
695 4936 1018 4993 dimicamus
1042 4956 1058 5006 ;
1082 4938 1345 4995 adversus
1360 4953 1581 4995 omnem
1595 4939 1802 4997 rabiem

209 5025 503 5084 belluarum
545 5045 608 5087 ac
657 5030 892 5088 ferarum
918 5077 932 5101 ,
979 5033 1109 5105 quid
1139 5031 1167 5073 ἀ
1197 5035 1536 5092 sensibilium
1567 5034 1809 5106 loquor?

208 5119 465 5178 adversus
494 5138 713 5180 omnem
746 5126 959 5196 rupium
1005 5127 1404 5185 immanitatem
1434 5127 1801 5184 decernimus.

210 5210 444 5285 Diligunt
470 5215 602 5272 ferae
622 5217 767 5274 fetus
785 5234 935 5284 suos,
952 5234 1088 5291 quos
1110 5222 1274 5276 etiam
1292 5220 1347 5277 in
1364 5220 1507 5276 fame
1525 5221 1800 5287 nutriunt;

209 5316 262 5362 et
284 5325 405 5379 quae
430 5311 625 5368 alienis
653 5314 984 5385 corporibus
1010 5322 1327 5386 pascuntur,
1358 5331 1389 5370 a
1434 5314 1801 5372 consimilium

208 5392 441 5459 ferarum
482 5405 761 5462 abstinent
803 5406 1186 5464 cadaveribus.
1230 5408 1346 5464 Hoc
1393 5408 1537 5464 ultra
1586 5423 1802 5464 omnem

209 5497 563 5555 acerbitatem
594 5510 709 5570 est,
751 5508 809 5556 ut
831 5502 1074 5558 membra
1112 5517 1233 5573 qua:
1263 5500 1446 5573 genitu
1485 5511 1680 5568 mater,
1703 5516 1804 5558 vo-

210 5595 371 5642 raret.
404 5588 627 5647 Mundus
649 5608 751 5665 ego
777 5594 847 5650 ab
875 5593 978 5649 hoc
1007 5593 1257 5663 contagio
1284 5609 1297 5646 :
1335 5592 1429 5649 tibi
1454 5607 1541 5647 me
1557 5592 1804 5662 absolvo,

282 5757 309 5786 α
343 5750 605 5809 Judicate.
637 5754 803 5811 ΒΑΜ.

281 5817 310 5858 ι)
352 5820 504 5880 Mihi.
534 5825 614 5883 In.

290 5900 309 5929 ε
351 5892 516 5953 Forte
545 5898 912 5970 unusquisque.
946 5899 1225 5956 Caussa.

618 5992 893 6054 ΡΑτειοι.
946 5991 1087 6055 XV.

1910 4824 2199 4881 virentium
2231 4823 2500 4881 fructuum
2523 4825 2743 4881 umbras
2781 4824 2972 4880 inanes
3006 4865 3023 4893 ,
3067 4823 3197 4880 foris
3222 4826 3451 4896 gratiam
3484 4867 3500 4895 ,

1905 4918 2051 4973 intus
2083 4916 2338 4973 favillam.
2375 4917 2506 4985 Quis
2528 4917 2779 4973 dubitare
2803 4926 2983 4988 potest
3013 4957 3032 4986 ,
3061 4917 3191 4989 quin
3223 4917 3365 4989 apud
3414 4918 3506 4973 in~

1907 5013 2050 5071 feros
2074 5030 2375 5083 versemur,
2400 5015 2543 5086 apud
2566 5029 2703 5086 quos
2734 5015 2898 5071 etiam
2951 5014 3220 5071 elementa
3251 5015 3499 5072 moriun-

1910 5107 2028 5161 tur?
2060 5107 2179 5179 Ipsa
2202 5108 2329 5178 quin
2349 5108 2538 5176 etiam,
2567 5122 2689 5177 quae
2716 5115 2844 5177 post
2867 5118 3103 5165 mortem
3133 5108 3318 5165 vivere
3341 5109 3501 5175 solet,

1903 5199 2048 5270 apud
2083 5198 2267 5272 fquos
2306 5210 2514 5256 natura:
2553 5199 2725 5271 pietas
2751 5208 2967 5255 mortua
3007 5210 3062 5256 et
3097 5211 3377 5272 superstes
3404 5202 3505 5259 de-

1905 5292 2103 5349 functis
2130 5295 2334 5363 religio.
2369 5294 2504 5362 Quis
2533 5295 2682 5350 euim
2714 5304 2970 5364 parentes
3011 5309 3118 5348 non
3159 5294 3327 5349 etiam
3360 5310 3508 5350 mor-

1905 5395 2028 5444 tuos
2045 5387 2269 5459 diligat?
2297 5387 2431 5457 Quis
2472 5387 2618 5443 enim
2648 5390 2883 5443 amissos
2927 5388 3068 5443 filios
3095 5402 3204 5443 non
3226 5394 3373 5443 amet
3401 5428 3417 5452 ,
3450 5396 3508 5443 et

1905 5478 2028 5536 loco
2058 5481 2344 5551 pignorum
2378 5480 2606 5536 teneat?
2633 5481 2815 5537 Manet
2858 5479 3121 5546 affectus,
3152 5479 3255 5535 etsi
3309 5478 3506 5550 pignus

1908 5574 2125 5642 obierit,
2156 5583 2469 5645 perseverat
2497 5589 2697 5631 nomen
2731 5582 2964 5641 naturae,
2992 5573 3161 5647 gratia
3197 5586 3304 5628 non
3335 5571 3504 5626 inter-

1980 5750 2007 5790 ά
2048 5753 2327 5809 Sensibilia
2351 5753 2550 5825 loquar.
2577 5755 2744 5812 ΒΑΜ.

1986 5834 2010 5862 ε·
2034 5826 2413 5881 Statuitur.....
2455 5825 2839 5882 illuminantur.
2877 5829 2950 5883 In.

1989 5893 2009 5934 ί
2046 5895 2174 5953 Hos.
2208 5897 2285 5953 In.

2976 5990 3056 6051 32
