3948 6346
398 362 539 418 2187

1733 347 1984 407 SANCTI
2026 344 2353 407 AMBROSII

3567 346 3707 407 2188

391 481 542 537 cidit.
575 477 732 549 Apud
755 477 856 533 hos
888 488 1018 530 vero
1045 487 1147 528 nec
1192 471 1491 549 viventem.
1516 476 1689 523 mater
1731 480 1996 537 recogno-
2024 464 2079 525 Α
2105 474 2216 519 tum
2239 465 2381 519 mole
2409 479 2508 520 sua
2537 464 2789 519 viderunt
2837 477 3157 534 permanere
3183 504 3199 529 ,
3230 463 3489 520 aluerunt
3541 464 3713 520 auda-

400 576 502 631 scit
524 572 718 635 filium,
751 585 850 626 nec
876 567 1242 638 appellantem
1270 563 1439 628 audit,
1474 577 1573 618 nec
1593 562 1859 630 vagientis
1894 561 1996 614 mi-

398 673 641 723 seretur:
669 670 725 719 et
750 670 970 735 propter
997 660 1157 713 unius
1185 659 1333 712 hora:
1375 654 1767 711 exsecrabilem
1788 654 1994 717 cibum,

400 756 747 829 parricidales
775 763 801 792 ⁸
825 752 1011 821 iniecit
1033 750 1244 821 pignori
1274 763 1488 803 manus.
1538 745 1646 801 Sed
1669 745 1798 816 quid
1842 744 1994 815 quasi

398 866 595 908 novum
621 863 810 915 arguo,
842 862 963 903 cum
996 861 1024 899 a
1059 844 1349 915 parricidio
1382 842 1628 898 fraterno
1669 841 1888 912 generis
1913 840 1995 895 sui

398 952 686 1000 numerent
712 939 967 998 exordia?
990 953 1111 993 cum
1146 938 1313 1007 ipsius
1348 935 1580 992 Abraha:
1626 950 1785 1002 quem
1812 932 1999 1003 appel-

398 1039 510 1093 lant
542 1044 747 1106 patrem
772 1046 824 1089 et
845 1032 1147 1102 disciplima
1173 1040 1457 1086 auctorem
1483 1045 1543 1084 ac
1575 1029 1658 1083 sui
1695 1028 1994 1098 principem

397 1130 599 1194 cultus,
629 1128 682 1184 in
727 1144 795 1182 eo
824 1128 1056 1181 maxime
1087 1123 1249 1180 ﬁdem
1282 1123 1597 1194 prmdicent,
1624 1122 1768 1192 quod
1806 1136 1908 1177 nec
1937 1120 2000 1175 Il-

398 1224 471 1280 llo
498 1221 826 1294 parcendum
869 1219 1176 1290 putaverit,
1201 1233 1435 1289 cumque
1459 1218 1600 1273 sicut
1627 1215 1858 1269 hostiam
1885 1215 1997 1269 aris

398 1317 743 1381 admoverit,
780 1323 944 1384 atque
974 1312 1350 1367 holocaustum
1398 1309 1598 1365 olferre
1633 1325 1738 1363 non
1779 1307 1993 1363 dubita—

396 1410 555 1465 verit.
587 1408 705 1464 Nou
726 1406 1031 1462 condemno
1078 1404 1425 1461 devotionem
1453 1444 1469 1469 ,
1500 1402 1594 1458 scd
1619 1417 1804 1474 quaero
1828 1401 1998 1471 pieta-

399 1512 530 1556 tem.
561 1501 739 1556 Alium
768 1514 982 1569 quoque
1012 1513 1042 1553 e
1066 1499 1177 1552 suis
1206 1498 1426 1551 vovisse
1452 1502 1603 1550 aiunt
1622 1495 1905 1557 victorem,
1942 1501 1999 1546 ιιι

397 1592 657 1664 quidquid
691 1591 796 1647 sibi
821 1591 1052 1660 primum
1074 1590 1403 1645 occurrisset
1425 1589 1641 1641 domum
1673 1585 1994 1648 revertenti,

396 1684 703 1742 immolaret
738 1684 852 1740 Deo
874 1698 1007 1737 suo:
1054 1689 1258 1737 etcum
1311 1681 1511 1736 rediret
1542 1721 1556 1747 ,
1584 1679 1891 1735 occurrisse
1938 1676 1999 1730 Ii-

398 1781 732 1849 liam.atque
764 1778 915 1834 illum
970 1777 1221 1847 iniecisse
1275 1774 1402 1829 filia:
1445 1756 1660 1830 manus.
1719 1773 1998 1846 Multaque

2099 557 2237 612 ciam
2270 573 2283 610 :
2313 557 2532 627 ingenio
2559 566 2740 612 tamen
2771 554 2958 611 Caesar
2996 556 3358 626 praeveniens,
3385 556 3587 626 ianuas
3622 571 3713 611 ar-

2100 656 2262 718 gento
2284 657 2504 720 opertas
2556 647 2819 704 succendi
2858 648 3271 719 iussit,quibus
3319 649 3442 719 igne
3487 648 3714 704 admoto

2098 753 2384 810 argentum
2409 741 2649 796 defluere
2687 782 2705 808 ,
2739 740 2939 796 deinde
2978 741 3239 811 paulatim
3290 742 3455 797 etiam
3500 742 3711 813 lignum

2099 833 2322 888 ardere:
2353 834 2434 889 sic
2453 834 2503 887 in
2534 834 2801 905 porticum
2840 834 3161 891 interiorem
3191 834 3373 889 aditus
3402 842 3711 903 patescere.

2102 925 2211 983 Sed
2232 930 2523 982 miseratus
2543 925 2751 991 Caesar,
2779 941 2849 982 ne
2873 926 3120 981 finitimis
3146 927 3423 983 interloris
3452 927 3713 983 vestibuli

2102 1020 2404 1089 porticibus
2427 1018 2843 1090 comprehensis
2867 1061 2882 1086 ,
2919 1020 3181 1090 templum
3230 1029 3556 1076 exoreretur
3578 1062 3594 1085 ,
3643 1019 3713 1075 ad

2100 1114 2391 1169 Consilium
2427 1113 2641 1168 vocavit
2672 1112 2841 1168 duces
2867 1116 3161 1177 exercitus,
3185 1112 3410 1168 dicens:
3441 1128 3550 1168 non
3581 1128 3713 1169 cum

2100 1207 2513 1263 insensibilibus
2538 1207 2645 1263 sibi
2673 1221 2951 1262 certamen
2980 1222 3105 1262 esse
3133 1248 3148 1273 ,
3182 1222 3285 1262 nec
3328 1206 3535 1262 bellum
3582 1221 3713 1262 cum

2099 1301 2370 1367 aediliciis,
2403 1316 2526 1370 quae
2551 1300 2855 1356 victoribus
2881 1300 3209 1370 proficerent
3231 1339 3246 1366 ,
3274 1300 3321 1356 si
3349 1300 3599 1355 inexusta
3622 1316 3714 1356 re-

2100 1399 2452 1446 servarentur
2478 1408 2490 1444 :
2513 1391 2683 1446 duces
2715 1400 2896 1446 tamen
2920 1392 3256 1459 asserebant,
3284 1402 3309 1439 8
3338 1392 3713 1448 valetudinem

2104 1485 2375 1554 parietum
2401 1494 2451 1540 et
2478 1484 2841 1540 munitionem
2874 1483 3082 1554 templi,
3113 1484 3314 1539 Iuda-is
3336 1484 3390 1540 In
3436 1486 3714 1555 reliquum

2102 1593 2320 1648 quoque
2351 1579 2627 1635 incentivo
2658 1579 2920 1646 futuram,
2963 1580 3159 1650 quibus
3197 1587 3344 1634 esset
3385 1588 3536 1649 grata
3568 1581 3721 1635 inso-

2102 1675 2300 1744 lentia;
2325 1676 2537 1733 radices
2565 1676 2884 1732 rebellionis
2907 1673 3182 1729 eruendas
3214 1673 3457 1729 funditus
3479 1714 3493 1738 ,
3517 1688 3586 1729 ne
3612 1674 3720 1729 ite-

2101 1786 2220 1826 rum
2255 1771 2532 1828 temeritas
2560 1771 2997 1826 recrudesceret.
3047 1768 3264 1823 Distulit
3313 1776 3493 1823 tamen
3531 1767 3722 1824 Caesar

395 1873 499 1928 alia
531 1870 837 1939 huiusmodi
863 1869 1137 1939 exempla.
1171 1868 1357 1935 Qualis
1396 1868 1497 1921 ista
1539 1882 1691 1937 gens,
1725 1883 1845 1938 quae
1875 1868 2001 1923 reli—
2028 1856 2078 1917 B
2105 1866 2316 1921 consilii
2353 1875 2641 1921 tractatum
2673 1867 2726 1919 in
2760 1874 3036 1934 posterum
3065 1863 3233 1917 diem.
3284 1862 3486 1918 Verum
3535 1860 3717 1916 Judmi

401 1966 543 2034 gioni
570 1964 773 2020 tribuat
817 1962 1054 2018 hominis
1102 1977 1291 2017 necem
1322 2004 1336 2029 ,
1389 1968 1445 2015 et
1495 1961 1817 2016 sacriﬁcium
1846 1970 2005 2031 putet

399 2072 523 2113 esse
556 2056 903 2126 parricidium
927 2055 949 2108 ?
978 2056 1110 2122 Quis
1142 2055 1281 2109 Deus
1310 2054 1479 2123 possit
1517 2052 1620 2108 hoc
1644 2053 1881 2123 exigere,
1911 2061 2005 2107 aut

399 2149 579 2220 qualis
633 2149 886 2204 sacerdos
937 2149 1031 2217 qui
1094 2149 1195 2201 hoc
1253 2146 1427 2215 possit
1468 2144 1722 2202 deferre?
1765 2146 2004 2216 Denique

394 2243 424 2283 ι’
468 2254 711 2300 veterem
764 2241 916 2297 illum
956 2241 1114 2312 quasi
1168 2239 1574 2309 prudentiorem
1632 2254 1741 2294 non
1808 2238 2004 2294 fecisse

397 2338 571 2401 aiunt,
600 2333 695 2389 sed
721 2332 957 2387 voluisse
982 2349 997 2397 ;
1023 2332 1181 2385 istum
1223 2332 1378 2401 quasi
1413 2342 1435 2367 ε
1460 2330 1855 2384 consultiorem
1880 2345 2003 2399 per-

398 2440 702 2482 severasse.
739 2423 988 2478 llabeaut
1014 2436 1141 2476 suos
1183 2422 1319 2475 ritus
1348 2417 1376 2459 ἀ
1401 2420 1677 2477 duriatum
1711 2421 1997 2486 homines,

400 2517 543 2591 apud
570 2532 707 2589 quos
751 2515 1039 2586 disciplina
1097 2525 1179 2570 est
1210 2514 1353 2569 ﬁlios
1379 2514 1652 2571 occidere.
1684 2515 1877 2570 Infelix
1925 2517 1998 2570 ci-

398 2616 560 2680 vitas,
585 2614 635 2668 in
656 2629 759 2683 qua
785 2612 907 2667 talis
936 2610 1174 2675 olficina,
1203 2608 1308 2664 tale
1329 2618 1352 2646 θ
1381 2611 1698 2681 mysterium
1722 2618 1825 2665 est.
1854 2609 1999 2680 Ope-

404 2707 547 2765 riant
575 2723 696 2763 eam
720 2706 891 2760 ruinae
923 2720 1056 2771 sure,
1087 2714 1249 2773 atque
1279 2702 1616 2757 abscondant
1644 2700 1661 2739 ί
1701 2702 1868 2758 invidi
1899 2704 2001 2774 ipsi

397 2802 800 2873 contagionem,
822 2815 891 2856 ne
919 2799 1004 2856 sol
1031 2798 1236 2865 videat,
1261 2813 1329 2852 ne
1351 2798 1632 2852 stellarum
1653 2798 1846 2867 globus
1874 2812 2001 2868 spe-

397 2904 548 2957 ctet,
581 2909 649 2950 ne
692 2893 1032 2948 tuaculeutur
1069 2905 1326 2945 aurarum
1372 2889 1694 2960 spiramina:
1739 2902 2001 2961 purgato-

398 2988 512 3043 rius
539 3001 757 3057 quoque
786 2986 872 3040 ille
897 2995 1090 3040 exuret
1122 2985 1282 3054 ignis.
1312 2983 1612 3055 Thyesteas
1644 2984 1810 3054 dapes
1850 2984 2002 3040 fabu-

402 3082 510 3136 lam
547 3092 829 3151 pntatnus:
869 3077 1132 3147 ﬂagitium
1175 3078 1457 3145 videmus,
1507 3080 1792 3133 veritatem
1822 3079 2001 3134 cerni-

397 3189 520 3229 mus
541 3173 864 3228 atrociorem
894 3169 1190 3241 tragwdiis.
1216 3168 1290 3225 lbi
1332 3171 1475 3224 enim
1514 3170 1723 3226 firmior
1751 3186 1914 3226 sexus
1943 3181 1998 3226 et

396 3274 584 3336 partus
611 3266 858 3321 alienus:
887 3263 974 3318 hic
996 3263 1211 3328 mulier,
1240 3262 1330 3317 cui
1361 3270 1549 3332 partus
1594 3262 1848 3332 proprius
1884 3262 2000 3319 l'ue—

397 3360 470 3414 rit
498 3360 672 3414 cibus.
705 3357 781 3413 lbi
804 3357 978 3412 aliena
1010 3355 1157 3410 fraus
1185 3396 1200 3419 ,
1232 3355 1321 3411 hic
1348 3357 1563 3425 propria
1608 3358 1880 3412 voluntas.
1906 3355 2000 3411 Ille

405 3452 611 3515 doluit,
650 3452 765 3505 haec
805 3450 1112 3504 insultavit:
1153 3448 1311 3516 digna
1346 3450 1543 3504 talibus
1574 3448 1707 3503 viris
1733 3463 1880 3516 esca,
1910 3448 2000 3517 qui

402 3544 759 3615 pertinaciter
818 3538 1070 3596 bellando
1121 3540 1381 3594 mulieres
1423 3554 1550 3593 suas
1606 3539 1673 3593 ad
1723 3540 1831 3594 tale
1879 3554 2003 3609 per-

403 3642 686 3697 duxerunt
723 3636 1054 3693 convivium.
1104 3633 1367 3703 Equidem
1393 3649 1487 3688 eos
1517 3634 1683 3688 tantis
1732 3634 2001 3688 malorum

405 3733 641 3789 afﬂictos
660 3727 1052 3787 acerbitatibus
1075 3726 1187 3796 iam
1218 3726 1397 3780 furi-re
1420 3725 1654 3780 arbitror
1679 3765 1694 3790 ,
1728 3734 2003 3780 amentes-

403 3842 509 3898 que
548 3824 721 3881 factos
744 3864 760 3889 ,
801 3822 891 3892 qui
923 3822 1037 3875 haec
1061 3835 1167 3875 non
1217 3818 1475 3874 sentiant.
1508 3818 1688 3885 Quare
1739 3817 2005 3872 maturius

403 3917 607 3974 bellum
638 3914 1021 3980 conficiamus,
1050 3913 1171 3981 quia
1200 3910 1480 3967 emendari
1519 3927 1623 3965 non
1652 3921 1892 3979 queunt:
1921 3910 2005 3965 in-

403 4026 662 4083 gruamus
693 4008 1006 4067 instantius.
1040 4015 1097 4060 ιιι
1127 4004 1398 4075 fugiamus
1446 4005 1729 4075 regionum
1776 4004 2003 4060 istarum

410 4106 709 4160 morientes
735 4116 927 4170 aquas,
952 4109 1093 4154 terra
1125 4110 1365 4153 ruenles.

996 4189 1223 4247 CAPUT
1250 4189 1406 4244 XLII.

482 4289 575 4344 llis
616 4286 779 4343 dictis
823 4282 1103 4339 admoveri
1160 4283 1361 4351 templo
1401 4282 1599 4338 arietes
1642 4283 1798 4352 jubet
1827 4325 1841 4349 ,
1902 4284 2002 4341 sed

409 4384 540 4440 nihil
572 4381 736 4436 validi
766 4382 905 4435 ictus
933 4376 1310 4447 proﬁciebant.
1342 4375 1595 4447 Plerique
1620 4386 1801 4432 tamen
1827 4381 2006 4435 territi

407 4478 477 4536 de
505 4478 638 4550 ipsis
667 4474 993 4531 seditionum
1026 4471 1359 4542 principibus
1396 4471 1690 4541 confugere
1720 4472 1786 4526 ad
1826 4474 2008 4530 C.esa-

410 4588 525 4628 rem
559 4613 573 4637 ,
609 4584 746 4641 quos
768 4568 920 4623 Titus
957 4576 1227 4632 tamquam
1275 4566 1601 4620 necessitate
1650 4566 1962 4636 compulsiis
1985 4611 1999 4631 ,

2107 1977 2167 2016 se
2192 1961 2554 2017 infundendos
2580 1969 2871 2030 putarunt:
2905 1956 3001 2013 sed
3033 1957 3265 2012 Romani
3294 1955 3572 2011 consertis
3601 1955 3721 2026 cly-

2109 2056 2225 2126 peis
2251 2099 2264 2119 ,
2315 2055 2565 2121 quamvis
2593 2052 2885 2125 pauciores
2909 2093 2926 2118 ,
2974 2053 3208 2122 primum
3236 2051 3496 2121 impetum
3553 2051 3724 2104 susti-

2108 2167 2295 2206 nuere.
2336 2150 2574 2206 Nutabat
2617 2159 2798 2203 tamen
2845 2148 2989 2203 acies
3030 2161 3301 2201 concursu
3340 2144 3720 2199 innumerabi-

2108 2245 2174 2298 lis
2196 2243 2585 2297 multitudinis.
2610 2240 2764 2296 Unde
2793 2239 2982 2295 Cmsar
3018 2255 3140 2294 cum
3173 2238 3451 2309 equitibus
3476 2252 3721 2307 propere

2105 2334 2293 2400 adfuit,
2320 2342 2609 2405 proterens
2633 2332 2791 2388 facile
2820 2346 2957 2402 quos
2990 2332 3306 2401 reperisset,
3329 2340 3492 2401 atque
3520 2327 3723 2384 hostile

2105 2443 2300 2498 agmen
2334 2427 2567 2491 reﬂexit,
2600 2441 2668 2481 eo
2692 2425 2887 2490 fretus,
2913 2425 3038 2495 quia
3057 2424 3170 2495 jam
3215 2433 3430 2492 pateret
3470 2422 3720 2477 vestibu-

2102 2522 2277 2576 lorum
2302 2522 2503 2591 portio.
2537 2518 2741 2589 Maiore
2770 2534 2993 2573 suorum
3018 2532 3179 2572 manu
3202 2516 3453 2588 sequenti
3482 2515 3572 2570 die
3600 2515 3716 2569 dis-

2105 2616 2286 2683 posuit
2311 2615 2361 2668 itt
2390 2615 2603 2667 hostem
2645 2613 2952 2683 irrtltttpere
2977 2653 2990 2676 ,
3044 2611 3299 2679 templum
3354 2609 3719 2666 succendere.

2103 2707 2260 2776 Quod
2285 2710 2483 2761 factum
2530 2707 2820 2773 eripuisset
2842 2706 3034 2760 urbem
3093 2704 3386 2768 incendio;
3428 2704 3534 2757 nisi
3585 2704 3722 2758 laeva

2102 2819 2260 2857 mens
2298 2802 2482 2871 populi
2508 2800 2828 2855 ﬂammasin
2862 2814 2920 2854 se
2942 2799 3180 2854 hostium
3220 2806 3601 2870 provocasset.
3631 2798 3726 2852 .Iu-

2102 2894 2194 2950 bet
2209 2895 2355 2950 enim
2384 2892 2571 2949 Caesar
2602 2894 2866 2963 restingui
2895 2893 3096 2963 ignium
3127 2894 3321 2963 globos
3340 2934 3355 2959 ,
3387 2907 3454 2947 ne
3478 2891 3727 2963 irruptu-

2099 2988 2177 3042 ris
2206 2987 2593 3059 iu‘tpedimento
2621 2986 2821 3041 forent.
2865 2986 3023 3054 Quod
3049 2987 3302 3043 videntes
3345 2985 3543 3051 Iudici,
3577 2987 3715 3041 dum

2100 3081 2425 3137 insidiantur
2468 3080 2775 3136 volentibus
2816 3080 3063 3136 incendia
3099 3080 3283 3151 templi
3325 3080 3679 3149 restinguere
3707 3120 3722 3143 ,

2102 3173 2262 3227 caesis
2310 3172 2604 3242 aliquibus,
2637 3171 2849 3226 hostem
2893 3171 3263 3227 accenderunt
3295 3187 3309 3225 :
3339 3186 3477 3227 unus
3506 3171 3576 3226 de
3609 3170 3725 3226 Ro-

2028 3243 2075 3307 C
2109 3267 2288 3319 manis
2316 3266 2630 3321 semiustam
2665 3273 2857 3318 nactus
2877 3264 3160 3318 materiem
3188 3305 3203 3328 ,
3236 3279 3359 3331 qua:
3398 3263 3467 3319 de
3494 3263 3723 3335 fastigio

2106 3358 2383 3415 deciderat
2412 3401 2428 3426 ,
2460 3359 2646 3415 adulto
2683 3360 2804 3430 igne
2860 3370 3031 3428 porta:
3082 3358 3325 3414 admovit
3373 3375 3495 3428 quae.
3546 3373 3722 3415 aurea

2106 3466 2464 3521 nuncupatur,
2506 3450 2652 3521 quod
2703 3466 2839 3506 auro
2862 3453 3091 3506 vestitas
3121 3450 3356 3505 habebat
3396 3450 3568 3505 fores.
3625 3450 3721 3506 Li-

2105 3544 2387 3615 quefactus
2410 3544 2558 3599 illico
2581 3543 2816 3597 ﬂammis
2846 3544 2962 3599 auri
3001 3544 3149 3613 rigor
3195 3544 3399 3614 lignum
3432 3543 3675 3598 nudavit
3704 3585 3720 3611 ,

2105 3638 2251 3709 quod
2301 3640 2449 3693 velut
2490 3638 2690 3692 intecto
2733 3637 2905 3692 latere
2951 3637 3122 3706 patuit
3170 3636 3442 3691 incendio.
3496 3635 3726 3691 Exnstis

2107 3733 2289 3802 itaque
2318 3731 2508 3797 valvis,
2534 3732 2586 3785 in
2625 3731 2885 3786 interiora
2912 3745 2974 3786 se
3019 3730 3206 3800 templi
3251 3730 3548 3799 penetralia
3588 3730 3725 3785 inse-

2108 3832 2216 3881 ruit
2268 3825 2428 3895 ignis.
2468 3824 2699 3895 Jamque
2750 3836 2921 3894 portze
2964 3825 3083 3894 eius
3132 3822 3393 3878 vestibula
3442 3822 3721 3880 Iacebant.

2109 3918 2328 3974 Turbati
2360 3932 2552 3973 omnes
2570 3917 2664 3987 qui
2690 3932 2749 3972 se
2777 3916 2962 3986 templi
2992 3915 3293 3971 munimine
3320 3914 3685 3970 deIenSabant
3704 3958 3720 3985 ,

2107 4012 2380 4083 trepidare
2427 4013 2608 4078 illico;
2641 4021 2696 4067 et
2722 4011 2969 4081 qurcdam
3002 4010 3116 4080 iam
3148 4009 3426 4064 inclinatio
3451 4010 3720 4063 mentium

2108 4119 2250 4171 erat,
2315 4106 2467 4161 illum
2523 4106 2669 4160 diem
2742 4119 2865 4179 esse
2918 4102 3118 4172 templo
3155 4101 3475 4156 excidialem
3528 4143 3544 4168 ,
3594 4100 3722 4170 quia

2111 4199 2164 4254 in
2190 4201 2307 4269 ipso
2335 4198 2423 4254 die
2474 4197 2746 4268 quondam
2778 4194 3092 4267 Babyloniis
3139 4192 3515 4265 ingruentibus
3541 4191 3723 4247 fuerat

2110 4294 2391 4347 incensum
2421 4332 2436 4357 ,
2470 4294 2595 4363 quia
2624 4298 2743 4345 erat
2763 4289 3006 4345 decimus
3048 4287 3165 4343 dies
3195 4284 3223 4325 ιι
3261 4286 3420 4343 .Ioma
3464 4289 3678 4343 mensis
3703 4331 3718 4355 ,

2110 4400 2269 4456 quem
2291 4385 2400 4455 iam
2433 4384 2634 4440 dudum
2674 4384 2819 4438 inter
2870 4382 3112 4436 funestos
3147 4380 3610 4435 annumerabant.
3659 4380 3717 4436 In

2110 4480 2391 4547 superiora
2413 4492 2625 4549 quoque
2652 4493 2710 4532 se
2741 4491 2995 4530 aurarum
3047 4474 3348 4545 spiramine
3382 4473 3524 4544 ignis
3557 4474 3722 4530 attul-

2112 4574 2249 4639 lens,
2280 4573 2575 4628 victoribus
2604 4571 2845 4626 laetitiam
2879 4611 2893 4635 ,
2934 4569 3087 4625 vietis
3133 4577 3276 4623 tanta
3310 4569 3430 4624 labe
3465 4568 3718 4625 dolorem

407 4682 514 4723 non
534 4665 688 4738 quasi
712 4663 1035 4734 promiSSum
1062 4666 1281 4715 secutos
1304 4658 1887 4730 tlubiI-IvilSlIScipere.
1907 4661 2002 4715 sed
2034 4641 2085 4702 Β
2112 4666 2330 4737 dignum
2376 4664 2591 4721 infudit.
2639 4664 2854 4720 Clamor
2895 4679 3109 4734 quoque
3148 4664 3525 4718 universorum
3560 4679 3721 4720 exor-

410 4761 549 4817 ﬁdes
573 4758 893 4827 temperavit
924 4752 1280 4809 iracundiam.
1314 4752 1430 4807 Non
1462 4768 1530 4808 eo
1565 4754 1667 4808 loci
1694 4763 1874 4809 tamen
1904 4753 2005 4809 ha-

409 4854 526 4910 buit
549 4867 656 4923 quo
679 4848 929 4919 perfugas
975 4846 1288 4912 superiores
1315 4887 1329 4909 ,
1360 4846 1730 4915 intentiusque
1759 4862 1887 4901 suos
1916 4864 2004 4902 ur-

411 4961 540 5016 gere
569 4947 773 5014 erepit;
817 4947 878 4995 ut
913 4937 1151 4994 universi
1198 4937 1433 4991 hostium
1486 4937 1834 4993 discederent
1881 4956 2005 5009 per-

413 5039 550 5097 culsi
581 5045 749 5093 metu.
776 5032 883 5091 Sed
910 5032 1000 5087 ubi
1031 5031 1265 5101 parietes
1293 5029 1589 5087 inoffensos
1623 5032 1692 5087 ab
1720 5032 1828 5089 ictu
1864 5036 2009 5089 arie-

484 5229 509 5255 η
535 5218 735 5289 lnjicit.
760 5218 926 5275 BARB.

482 5291 509 5331 ι)
543 5285 1217 5365 ᾼῘιιεειιιτιιιιἰιιιθιιίεἱ1.-Ιι)σ

486 5377 507 5402 ο
542 5362 996 5424 lnconsultiorent,
1023 5353 1219 5423 Jephte
1248 5353 1474 5409 scilicet.
1507 5353 1586 5408 11).

484 5432 509 5474 δ
537 5434 671 5490 Duri
692 5444 859 5488 tamen
876 5431 1122 5487 homines.
1156 5428 1229 5481 In.

491 5517 514 5543 ε’
546 5507 913 5562 Ministerium.
941 5505 1017 5559 lo.
1116 5560 1127 5565 ,

491 5577 509 5613 ί
546 5577 733 5631 Mundi
759 5578 942 5643 ipsius.
978 5574 1053 5627 In.

487 5658 511 5694 Β
551 5649 901 5702 Valtditatem.
934 5646 1010 5699 In.

485 5718 509 5754 ιι
533 5720 665 5774 αμα,
710 5728 817 5772 νει,
868 5717 1055 5770 ιοίηα,
1104 5710 1297 5767 Snitlas
1343 5708 1508 5763 Lonm
1551 5723 1579 5762 a
1626 5710 2005 5768 Macedonibus

413 5791 708 5855 Augustum
741 5788 943 5855 dictant
982 5792 1230 5855 testatur.
1268 5782 1437 5855 Baeti.
1470 5808 1543 5820 ——
1583 5780 1824 5855 Videsis
1862 5783 2004 5839 Dod-

407 5851 622 5913 wellum
648 5858 709 5910 de
730 5854 896 5925 Cyclis
919 5864 1070 5910 veter.
1095 5851 1262 5905 (ἐι-(ιτ.
1291 5860 1335 5905 et
1352 5852 1577 5906 Roman.
1599 5852 1692 5919 qui
1714 5852 1930 5909 dissert.
1948 5855 2003 5920 9,

2109 4771 2343 4825 tus,nec
2371 4760 2540 4816 multo
2591 4768 2711 4831 post
2766 4761 2983 4813 nuntius
3033 4756 3243 4812 hostilis
3283 4756 3555 4813 excidium
3600 4755 3722 4812 Cte-

2109 4853 2218 4909 sari
2248 4851 2592 4908 manifestum
2645 4848 2911 4906 reddidit:
2943 4848 3119 4918 quise
3166 4847 3472 4915 proripiens
3513 4856 3718 4917 quanta

2109 4957 2324 5020 poterat
2343 4962 2496 5010 voce.
2531 4945 2790 5015 restingui
2816 4947 2965 5014 ignes
2986 4941 3236 5014 iubebat.
3269 4940 3377 4996 Sed
3411 4955 3595 5010 neque
3621 4956 3719 5013 per

2114 5039 2398 5096 tumultum
2440 5036 2696 5095 audiendi
2758 5035 2985 5091 facultas
3045 5041 3200 5099 erat,
3234 5047 3411 5103 neque
3454 5031 3717 5102 parcendi

2115 5235 2235 5291 pag.
2268 5218 2395 5284 597,
2430 5233 2646 5274 menses
2670 5216 3046 5291 Macedonicos
3074 5229 3198 5291 cu_m
3221 5212 3506 5291 Hebraicis
3528 5233 3609 5291 ex
3626 5216 3718 5273 Jo-

2113 5285 2267 5355 sephi
2298 5294 2564 5347 sententia
2598 5293 2825 5346 collatos
2851 5289 3089 5345 exhibet.
3117 5285 3389 5341 Caeterum
3420 5286 3570 5345 Lous
3599 5290 3714 5346 Ma-

2110 5366 2407 5420 cedonibus
2441 5376 2524 5418 est
2573 5362 2775 5418 mensis
2802 5361 3001 5416 Julius.
3034 5360 3218 5428 Neque
3269 5367 3449 5413 tamen
3494 5373 3715 5416 errasse

2105 5437 2375 5504 putandus
2413 5434 2631 5493 Suidas.
2674 5434 3146 5506 Syromacedones
3191 5446 3426 5501 namque
3480 5430 3716 5506 Lexico-

2103 5503 2342 5578 graphus
2377 5503 3008 5578 intellexisse'putandus
3028 5546 3042 5568 ,
3069 5517 3507 5578 quorum__anntts
3536 5520 3569 5559 a
3603 5503 3715 5559 Ma-

2105 5572 2409 5634 ceiloiiiano
2440 5593 2629 5633 mense
2675 5572 2943 5631 an'teverti
2997 5572 3136 5645 apud
3170 5572 3416 5645 eruditos
3455 5585 3708 5630 constat:

2108 5661 2166 5703 ut
2212 5663 2499 5721 propterea
2527 5657 2669 5711 Λῶος
2700 5649 2788 5721 qui
2838 5644 3218 5721 Macedonibus
3247 5652 3331 5700 est
3359 5644 3708 5721 Juliu§._Sy-

2107 5716 2566 5775 runiacédonibus
2597 5721 2669 5775 sit
2696 5719 2990 5790 Augustus.
3022 5716 3229 5790 Qua_de
3253 5731 3313 5770 re
3342 5717 3483 5775 scite
3511 5716 3707 5773 Fabri-

2109 5794 2224 5848 cius
2248 5794 2302 5847 in
2332 5791 2632 5864 Menologio
2657 5833 2670 5858 ,
2700 5788 2858 5863 pagg.
2889 5788 2983 5856 45,
3016 5789 3108 5847 45.
3131 5788 3411 5846 ϐλιμκο.
