3948 6382
134 414 281 473 2189

1010 408 1277 471 HISTOR.
1324 414 1408 469 DE
1452 404 1730 471 EXCIDIO
1771 413 2043 471 HIEROS.
2088 415 2297 473 URBIS
2339 416 2468 474 LIB.
2502 416 2569 473 ν.

3306 421 3370 477 2i
3387 420 3454 479 90

140 531 417 596 voluntas,
444 545 569 586 eum
621 531 848 586 Romani
891 530 1093 588 milites
1115 532 1368 588 vindictae
1406 533 1588 588 studio
1641 532 1745 587 fer-
1773 532 1824 593 Α
1853 533 2133 606 populosa
2196 533 2456 590 Romanis
2501 549 2625 589 sese
2676 534 3041 592 dissociaret:
3093 536 3225 608 ipsis
3275 546 3455 593 autem

141 633 351 687 vercnt,
387 634 619 697 notaque
649 625 819 694 pietas
848 622 1077 680 Ca'saris
1110 624 1491 681 inobedientize
1543 636 1743 681 metum

143 721 253 773 suis
279 718 556 785 demeret,
592 719 720 774 nulli
753 718 924 773 fraudi
959 719 1071 773 suis
1099 717 1342 774 futurum
1372 760 1387 783 ,
1420 735 1543 775 cum
1584 719 1746 773 etiam

144 809 812 881 hostibusignosceretur.
866 810 1009 866 Nutu
1055 819 1241 865 tamen
1274 820 1328 864 et
1380 826 1545 866 manu
1597 810 1752 866 Titus

146 907 465 970 revocabat,
497 920 635 976 quos
661 912 893 975 poterat,
930 903 1224 958 mandabat
1253 903 1524 974 aliquibus
1563 912 1621 958 ut
1673 904 1753 958 in-

149 998 405 1054 biberent
434 998 672 1067 impetus
713 997 965 1052 militum.
1012 996 1120 1052 Sed
1155 998 1231 1052 ira
1267 996 1404 1051 duce
1436 1005 1461 1032 ιι
1503 995 1756 1051 adolebat

148 1089 493 1153 incendium,
520 1088 728 1144 hostem
780 1090 1045 1160 urgebant
1090 1089 1471 1160 desperatione
1520 1089 1752 1155 salutis,

145 1182 250 1253 jam
274 1182 358 1236 sui
382 1182 665 1252 prodigum
691 1190 747 1237 et
774 1191 943 1237 totum
969 1198 1029 1238 se
1049 1182 1446 1251 expendentem
1472 1181 1753 1250 periculis.

153 1275 353 1347 Vulgus
380 1276 617 1331 maxime
649 1275 885 1345 ignobile
929 1275 1222 1330 leriebatur
1252 1317 1266 1341 ,
1316 1274 1639 1343 ubicumque
1668 1289 1761 1328 oc-

152 1376 419 1435 currerat,
452 1369 576 1439 quia
605 1367 767 1423 nullis
795 1368 1061 1421 munitum
1093 1367 1279 1429 armis,
1314 1381 1413 1421 nec
1444 1363 1760 1437 repellendo

153 1462 386 1524 vulneri,
415 1476 519 1516 nec
547 1460 917 1531 retorquendo
950 1458 1207 1514 idoneum
1238 1465 1375 1513 erat.

732 1552 963 1610 CAPUT
988 1551 1178 1608 XLIII.

222 1648 509 1720 Fatigatus
545 1647 724 1718 itaque
763 1647 1094 1702 clamoribus
1122 1644 1306 1702 Caesar
1340 1687 1355 1710 ,
1402 1643 1629 1716 gradum
1677 1658 1764 1699 re—

160 1742 297 1811 tulit,
333 1757 461 1797 cum
486 1739 705 1795 ﬂamma
749 1738 928 1795 adhuc
956 1739 1231 1794 conclavia
1285 1738 1473 1807 templi
1504 1737 1766 1807 depasce-

161 1837 333 1891 batur.
364 1835 577 1904 Quibus
598 1833 832 1899 deuSIis,
865 1833 917 1887 in
952 1832 1125 1902 ipsam
1151 1832 1322 1887 aedem
1366 1847 1425 1887 se
1460 1830 1648 1887 furens
1678 1832 1763 1885 in-

1854 626 2075 682 Paschze
2107 626 2318 693 diebus,
2352 628 2607 683 Xanthici
2641 629 2844 684 mensis
2870 642 3069 686 octavo
3117 631 3206 687 die
3231 674 3246 697 ,
3281 641 3335 688 et
3359 648 3456 703 per

1854 720 2098 792 singulas
2120 731 2309 777 noctes
2340 721 2471 776 hora
2506 722 2722 778 circiter
2751 738 2888 777 nona
2912 764 2927 791 ,
2962 724 3225 795 templum
3266 735 3321 780 et
3362 740 3456 782 ara

1856 819 1976 887 ejus
2006 818 2078 871 ita
2112 816 2314 871 lumine
2342 816 2645 888 refulgebat
2671 858 2686 884 ,
2733 816 2885 888 quasi
2913 815 3032 872 dies
3057 828 3225 882 esset,
3263 833 3359 888 per
3374 818 3460 873 di-

1856 909 2081 964 midium
2115 909 2282 965 ferme
2310 909 2458 965 hora:
2521 908 2760 979 quotidie
2793 925 3046 964 manens:
3081 908 3227 979 quod
3258 908 3455 980 vulgus

1858 1002 2340 1073 interpretabatur,
2378 1002 2718 1057 cumulandae
2741 1002 2917 1073 gentis
2948 1001 3203 1058 indicium
3235 1001 3410 1056 videri
3441 1043 3457 1070 ,

1858 1111 2033 1166 eoque
2066 1094 2282 1167 impulsi
2313 1107 2471 1162 sunt,
2506 1106 2776 1166 tamquam
2808 1103 3020 1165 tempus
3070 1094 3268 1150 afforet
3295 1094 3462 1149 liber-

1862 1188 1987 1242 tatis
2010 1188 2359 1257 rt-cipiendte.
2392 1187 2777 1243 Prttdentiores
2830 1197 3018 1244 centra
3052 1187 3416 1258 opinabantur
3442 1229 3457 1254 ,

1863 1280 2006 1352 quod
2037 1280 2090 1336 id
2118 1295 2292 1351 genus
2319 1279 2492 1335 stellre
2521 1280 2720 1335 bellum
2750 1280 2923 1334 soleat
2973 1279 3318 1335 denuntiare.
3350 1278 3463 1335 Nec

1865 1374 2150 1443 quisquam
2177 1372 2467 1427 arbitretur
2490 1372 2665 1427 aliena
2686 1387 2783 1427 nos
2810 1388 2839 1425 a
2869 1372 3017 1427 cultu
3040 1381 3249 1436 nostro,
3274 1381 3327 1424 et
3355 1370 3465 1425 dis-

1864 1467 2057 1538 ciplina
2093 1467 2320 1521 locutos.
2351 1464 2618 1531 Primum,
2654 1466 2774 1535 quia
2799 1481 2906 1520 non
2938 1464 3066 1535 quid
3099 1463 3256 1519 nobis
3286 1463 3467 1518 videa-

1868 1567 1974 1623 tur,
2000 1559 2325 1623 astruimus;
2359 1558 2453 1613 sed
2479 1555 2605 1628 quid
2635 1556 2894 1611 acciderit
2917 1599 2930 1623 ,
2954 1572 3076 1628 qua:
3089 1572 3153 1611 ve
3183 1554 3469 1626 opiniones

1870 1660 1999 1706 tunc
2046 1651 2307 1721 temporis
2353 1649 2609 1715 fuerunt,
2641 1647 2772 1721 quid
2806 1648 3101 1718 prudentes
3148 1648 3422 1704 senserint
3455 1687 3470 1708 ,

1869 1743 1999 1815 quid
2041 1744 2435 1813 imprudentes.
2478 1742 2661 1814 Neque
2712 1756 2834 1797 cum
2863 1742 2931 1798 de
2974 1754 3120 1799 secta
3164 1741 3477 1798 Iudaeorum

1871 1836 2071 1909 aliquid
2093 1836 2294 1892 dictum
2312 1846 2417 1903 est,
2439 1836 2511 1891 ita
2529 1836 2790 1909 scriptum
2809 1836 3057 1890 videatur
3075 1850 3106 1888 a
3126 1834 3302 1901 nobis,
3322 1833 3477 1903 quasi

164 1932 307 1986 tulit.
337 1931 458 1998 Qua
491 1931 678 1998 Specie
707 1926 949 1998 plerique
976 1926 1300 1983 exanimati:
1333 1926 1423 1979 alii
1452 1940 1512 1981 se
1539 1926 1593 1979 in
1619 1925 1767 1995 ipsos
1801 1926 1848 1988 B
1878 1929 1929 1983 in
1963 1928 2192 1984 veritate
2211 1929 2389 1985 cultus
2431 1943 2648 1995 eorum,
2681 1945 2788 1984 non
2818 1928 2970 1998 quasi
2998 1928 3050 1982 in
3103 1927 3291 1981 umbra
3321 1935 3377 1981 et
3409 1927 3474 1980 li-

163 2022 186 2061 b
209 2022 414 2079 misere
445 2023 617 2093 ignes,
644 2035 875 2090 quorum
914 2020 1056 2073 muli
1078 2020 1220 2073 ferre
1269 2033 1375 2073 non
1404 2025 1688 2087 poterant,
1713 2024 1772 2068 ut

164 2117 491 2186 superstites
527 2114 728 2183 templo
772 2120 1208 2167 reservarentur.
1248 2111 1455 2165 Rursus
1496 2108 1773 2165 concurrit

164 2207 310 2262 Titus
337 2207 567 2276 cupiens
594 2206 898 2275 cujusmodi
931 2203 1077 2259 aedes
1118 2214 1264 2259 esset
1293 2202 1767 2272 circumspectare.

165 2300 323 2371 Cujus
354 2301 529 2371 gratia
562 2308 742 2353 motus
774 2342 788 2363 ,
824 2298 1311 2367 pra-celleutiorem
1343 2296 1585 2351 omnium
1638 2304 1775 2350 tem—

171 2395 377 2465 plorum
428 2394 601 2448 fuisse
646 2392 901 2462 operibus
950 2391 1239 2449 fatebatur.
1271 2391 1565 2446 Mirabatur
1613 2404 1773 2443 saxo-

173 2503 284 2541 rum
325 2486 801 2557 magnitudinem,
848 2486 1048 2540 metalli
1107 2486 1336 2540 nitorem
1375 2526 1388 2550 ,
1435 2492 1772 2538 venustatem

181 2582 395 2652 operis,
429 2582 658 2652 gratiam
700 2579 1135 2651 pulchritudinis.
1172 2580 1281 2635 Nec
1335 2578 1605 2634 immerito
1657 2586 1777 2633 tan-

175 2688 276 2729 tam
318 2676 487 2730 fuisse
546 2675 649 2729 loci
680 2674 1057 2729 celebritatem
1114 2672 1538 2744 pronuntiabat,
1602 2679 1659 2724 ut
1710 2684 1776 2725 eo

175 2783 237 2822 ex
306 2769 445 2823 locis
512 2767 767 2823 omnibus
840 2766 1221 2821 conveniretur
1271 2808 1284 2831 ,
1370 2765 1492 2833 quia
1568 2772 1775 2816 tantum

180 2876 276 2916 non
309 2862 412 2917 nisi
434 2860 633 2915 summi
654 2859 747 2914 Dei
778 2859 1096 2915 crederetur
1127 2873 1247 2913 esse
1280 2856 1634 2911 domicilium.
1669 2852 1778 2909 Ad-

175 2952 427 3025 jungebat
454 2955 627 3008 bonos
662 2952 824 3007 fidem
850 2951 1147 3021 religionis,
1180 2966 1287 3021 quo
1323 2949 1487 3004 etiam
1519 2949 1780 3003 barbaro-

183 3062 292 3100 rum
323 3055 518 3117 gentes
550 3043 976 3115 templum-illud
1011 3043 1439 3098 venerabantur:
1481 3049 1534 3095 et
1583 3038 1781 3094 infere-

184 3137 303 3193 bant
337 3153 565 3193 tnunera
587 3137 873 3208 prmdoaes
907 3147 929 3175 ε
968 3135 1242 3207 religionis
1263 3178 1276 3201 ,
1308 3148 1428 3204 quae
1452 3143 1628 3188 tamen
1655 3142 1782 3187 tunc

183 3233 510 3304 diripiebant
532 3234 615 3287 sui
642 3275 658 3299 ,
691 3242 745 3288 et
769 3230 1158 3301 dispertit-bant
1199 3230 1435 3284 latrones
1464 3269 1477 3292 ,
1510 3227 1781 3282 irruentes

1874 2037 2005 2091 gnra
2031 2021 2316 2091 prtemisso
2347 2029 2788 2089 contexeremus,
2810 2031 2863 2076 ut
2886 2028 3249 2092 sequerentur
3273 2020 3481 2089 perfec-

1878 2104 2034 2168 tiora.
2065 2113 2199 2168 Nunt
2245 2112 2313 2169 de
2342 2112 2510 2183 signis
2555 2114 2838 2169 stellarum
2870 2114 3032 2167 etiam
3086 2113 3140 2167 in
3176 2112 3477 2183 Evangelia

1875 2206 2155 2275 docemur,
2186 2208 2310 2278 quia
2342 2217 2490 2262 erunt
2521 2208 2670 2278 signa
2697 2207 2751 2261 in
2774 2206 2885 2260 sole
2919 2246 2933 2270 ,
2990 2215 3037 2261 et
3060 2204 3185 2259 luna
3207 2248 3221 2273 ,
3247 2215 3294 2259 et
3320 2205 3481 2260 stellis

1876 2299 2031 2372 (Luc.
2061 2317 2169 2367 XXI,
2202 2301 2318 2371 25).
2381 2299 2574 2355 Vitulte
2604 2316 2819 2371 quoque
2870 2309 3026 2369 partu
3080 2308 3434 2353 asserueruut

1876 2409 1999 2449 cum
2034 2393 2358 2450 immolanda
2388 2400 2597 2449 astaret
2622 2393 2881 2448 altaribus
2908 2435 2924 2459 ,
2977 2393 3029 2447 in
3080 2392 3262 2447 medio
3294 2391 3482 2460 templi

1879 2504 2073 2558 agnum
2105 2488 2330 2550 editum,
2367 2488 2421 2542 in
2454 2487 2585 2557 ipsis
2606 2501 2884 2542 sacrorum
2914 2485 3059 2557 (qum
3085 2501 3247 2555 supra
3278 2500 3482 2539 memo-

1880 2581 2144 2651 ravimus)
2173 2580 2602 2636 celebritatibus.
2634 2577 2965 2633 Orientalem
2997 2592 3216 2648 quoque
3264 2585 3475 2647 portam

1882 2676 2197 2730 interiorem
2248 2671 2428 2727 solido
2468 2687 2579 2726 aere
2607 2685 2850 2741 gravem,
2881 2685 3003 2740 quae
3021 2669 3224 2725 soleret
3254 2669 3320 2724 ad
3356 2684 3476 2723 ves-

1886 2782 2069 2837 peram
2096 2763 2282 2835 viginti
2333 2764 2573 2818 virorum
2607 2762 2778 2818 multo
2818 2761 2997 2817 claudi
3047 2761 3232 2817 labore
3265 2803 3282 2827 ,
3321 2761 3484 2818 obse-

1883 2869 2056 2914 ratam
2086 2859 2332 2913 vectibus
2385 2854 2614 2922 ferreis,
2663 2870 2759 2926 per
2808 2855 3014 2925 aliquot
3041 2862 3231 2911 noctes
3289 2861 3486 2925 sponte

1882 2963 2181 3009 reseratam
2211 2994 2225 3018 ,
2251 2957 2309 3007 et
2337 2950 2424 3004 vix
2457 2956 2646 3019 postea
2676 2963 2706 3001 a
2760 2946 3076 3003 custodibus
3122 2946 3382 3001 clausam.
3432 2945 3490 3001 Id

1883 3062 2098 3117 quoque
2122 3042 2530 3099 arbitrabantur
2550 3040 2797 3110 plerique
2820 3041 3120 3094 futurorum
3148 3038 3363 3109 signum
3391 3037 3487 3093 bo-

1885 3154 2080 3195 norum
2111 3180 2125 3205 ,
2174 3136 2372 3207 quibus
2400 3132 2731 3206 ingressuris
2764 3143 2917 3203 porta
2966 3133 3296 3203 aperiretur.
3342 3132 3490 3186 Con-

1886 3229 2142 3286 sultiores
2164 3238 2345 3283 autem
2377 3228 2599 3281 aiebant
2628 3269 2641 3293 ,
2677 3224 2981 3279 custodiant
3034 3223 3223 3294 templi
3272 3223 3484 3279 resolu-

188 3327 235 3383 in
255 3331 436 3385 omnia
467 3343 589 3399 quae
626 3327 870 3397 deposita
916 3326 1197 3379 viduarum
1230 3323 1444 3378 fuerant
1494 3322 1579 3377 vel
1608 3321 1782 3392 pupil-
1810 3324 1856 3387 C
1887 3332 1996 3379 tam
2025 3321 2197 3377 videri
2231 3362 2246 3387 ,
2270 3330 2328 3374 ut
2357 3333 2714 3391 quaecumque
2736 3317 2883 3371 intus
2906 3317 3083 3373 forent
3116 3359 3133 3384 ,
3193 3316 3261 3372 ab
3314 3316 3487 3371 hosti-

189 3423 377 3491 lorum,
412 3436 688 3491 tamquam
719 3420 789 3476 de
818 3420 1112 3474 victoribus
1146 3416 1518 3472 vindicaretur
1538 3459 1553 3484 ,
1584 3416 1630 3470 si
1656 3414 1782 3485 quid

188 3530 247 3571 ex
271 3517 448 3586 praeda
499 3514 759 3570 Romanis
808 3514 1163 3567 minueretur.
1224 3509 1511 3579 Templum
1556 3523 1776 3579 queque

189 3608 368 3664 ardere
397 3606 800 3674 conspicientes
827 3646 840 3670 ,
876 3603 978 3674 ipsi
1019 3602 1385 3658 incendebant
1411 3610 1609 3655 cmtera
1644 3642 1659 3666 ,
1715 3614 1782 3655 ne

194 3703 323 3771 quod
353 3700 573 3757 excidio
608 3701 792 3770 templi
837 3706 1115 3768 superstes
1145 3705 1289 3751 esset
1338 3692 1624 3749 aedilicium
1654 3710 1665 3745 :
1700 3705 1785 3745 re-

196 3794 367 3867 ligioni
398 3796 729 3868 deputantes
764 3837 777 3860 ,
829 3792 872 3846 si
898 3791 1076 3846 omnia
1122 3807 1243 3845 cum
1279 3788 1479 3858 templo
1525 3787 1784 3856 perirent.

196 3886 294 3942 Nec
316 3889 499 3944 adhuc
528 3896 708 3942 tamen
740 3884 911 3940 Judtei
949 3883 1226 3952 perfidiam
1258 3879 1636 3951 deponebant:
1667 3890 1787 3947 quze

199 3995 347 4036 causa
380 3981 604 4051 majoris
645 3978 842 4035 excidii
892 3976 1009 4031 luit.
1057 3975 1192 4031 Nam
1242 3989 1365 4029 cum
1393 3971 1557 4026 animi
1591 3971 1789 4024 multo-

200 4087 309 4128 rum
337 4073 749 4129 inﬂecterentur
771 4113 786 4138 ,
839 4079 896 4125 ut
923 4084 984 4126 se
1006 4112 1019 4135 ,
1069 4070 1208 4123 factu
1241 4066 1455 4135 agmine
1481 4107 1494 4128 ,
1526 4062 1787 4117 Romanis

204 4167 489 4234 traderent,
530 4162 1000 4236 pseudopmpheta
1031 4160 1247 4230 quidam
1287 4159 1495 4229 jactare
1521 4156 1686 4225 εωμὶι
1734 4153 1786 4208 in

202 4273 414 4316 excessu
445 4259 645 4314 mentis
673 4274 810 4321 suae,
835 4255 1038 4325 templo
1069 4253 1251 4307 divina
1276 4250 1523 4321 prassidia
1564 4264 1669 4302 non
1696 4247 1790 4301 de-

204 4350 391 4418 futura,
415 4368 617 4408 vocare
650 4352 905 4421 populum
925 4349 991 4406 ad
1022 4363 1081 4403 se
1110 4347 1263 4403 velut
1289 4345 1520 4417 quodam
1546 4343 1786 4407 oraculo,

206 4446 371 4503 adhuc
429 4464 489 4501 se
520 4447 576 4501 in
610 4446 810 4515 templo
842 4458 943 4499 suo
983 4457 1205 4497 manere
1262 4441 1411 4494 illico
1453 4437 1788 4506 repulsurtun

208 4538 430 4597 hostium
463 4556 668 4597 cuneos
698 4582 713 4606 ,
743 4540 1084 4594 flammarum
1135 4533 1406 4590 incendia.
1461 4533 1553 4587 Sic
1609 4529 1789 4585 miseri

208 4629 323 4687 dum
369 4633 657 4690 infeliciter
713 4631 862 4687 falsis
932 4626 1487 4685 circumventionibus
1521 4623 1786 4686 credunt,

1886 3419 1984 3472 bus
2030 3416 2435 3487 diriperentur:
2479 3414 2888 3477 exiretcultus.
2921 3414 3173 3469 introiret
3220 3413 3484 3479 vastitas,

1886 3522 2242 3567 evacuaretur
2312 3509 2649 3576 celebritas,
2703 3509 3029 3565 sacrificium
3091 3509 3488 3565 destrueretur.

1885 3606 2037 3675 Quod
2063 3606 2226 3660 etiam
2272 3613 2397 3659 ante
2445 3619 2605 3674 quam
2649 3603 3045 3659 crueilixissent
3082 3603 3359 3658 Christum
3401 3601 3492 3658 Je-

1888 3699 2240 3770 sumliqnido
2286 3697 2651 3769 signiﬁcatum
2696 3699 2861 3753 lectio
2900 3699 3080 3753 docet.
3115 3696 3246 3752 Post
3292 3698 3494 3752 multos

1887 3806 2101 3860 quoque
2125 3789 2273 3853 dies,
2301 3789 2469 3859 figura
2504 3788 2750 3859 quiedam
2798 3789 3053 3858 apparuit
3084 3787 3485 3844 inaestimabilis

1888 3881 2293 3951 magnitudinis,
2322 3896 2480 3951 quam
2506 3880 2722 3948 plurimi
2754 3882 3224 3950 circuatSpcxere,
3254 3880 3397 3935 sicut
3421 3882 3489 3935 li-

1890 3974 1969 4029 bri
2006 3974 2314 4030 Judzeorum
2373 3973 2817 4029 manifestaruut:
2877 3984 2932 4029 et
2984 3982 3109 4029 ante
3154 3975 3286 4029 solis
3335 3990 3495 4030 occa-

1889 4081 2007 4121 sum
2041 4065 2220 4119 su‘bito
2248 4064 2347 4120 visi
2374 4064 2426 4120 in
2457 4064 2691 4121 nubibus
2714 4079 2907 4120 currus
2956 4074 3011 4121 et
3047 4065 3193 4121 acies
3229 4076 3450 4122 armatae
3473 4107 3489 4133 ,

1888 4162 2082 4232 quibus
2126 4162 2290 4217 totius
2344 4160 2547 4217 Iudaea:
2602 4162 2950 4234 regionisque
3006 4163 3123 4235 ejus
3189 4164 3352 4219 urbes
3404 4164 3493 4219 in-

1889 4263 2259 4310 cursarentur.
2292 4254 2348 4309 In
2379 4257 2496 4326 ipsa
2521 4267 2699 4313 autem
2733 4256 3088 4314 PenteeoStes
3127 4259 3497 4325 solemnitate,

1888 4347 2255 4419 ingredientes
2286 4351 2601 4405 sacerdotes
2640 4351 2692 4405 in
2724 4352 2909 4420 templi
2932 4351 3194 4407 interiora
3228 4364 3498 4408 nocturno

1892 4448 2176 4510 tempore,
2203 4451 2262 4494 ut
2313 4442 2577 4497 sacrificia
2620 4451 2838 4497 assueta
2888 4444 3229 4500 celebrarent
3256 4487 3271 4512 ,
3307 4445 3490 4517 primo

1892 4544 2096 4589 motum
2150 4536 2439 4605 quemdam
2473 4536 2710 4591 sensisse
2759 4552 2819 4593 se
2866 4538 3261 4609 prodiderunt,
3306 4549 3362 4597 et
3409 4556 3500 4596 so-

1894 4642 2022 4679 num
2063 4626 2298 4693 editum;
2331 4640 2515 4698 postea
2560 4630 2721 4685 etiam
2775 4630 2993 4685 audisse
3023 4632 3309 4700 repentina
3364 4648 3499 4689 voce

210 4728 497 4785 dedecores
522 4739 687 4795 atque
732 4723 887 4779 inulti
916 4722 1059 4776 sicut
1114 4735 1307 4791 pecora
1359 4715 1788 4772 trucidabantur.
1820 4710 1872 4769 D
1898 4717 2223 4772 clamatum:
2260 4718 2605 4775 Transeamus
2634 4721 2772 4776 hinc.
2804 4720 2963 4777 Jesus
3012 4738 3226 4794 quoque
3273 4726 3501 4781 Ananiae

211 4821 301 4887 Qui
329 4824 372 4877 si
403 4821 703 4877 voluissent
731 4817 955 4874 credere
981 4858 994 4879 ,
1029 4814 1299 4869 evidentia
1355 4808 1688 4867 imminentis
1720 4806 1796 4861 si-

214 4927 307 4982 gna
346 4913 545 4970 excidii
583 4911 882 4967 habebant:
931 4906 1126 4979 quibus
1169 4904 1336 4961 veluti
1381 4904 1543 4960 claris
1570 4900 1795 4956 vocibus

214 5005 657 5071 admonebantur,
688 5003 847 5057 linem
876 5001 977 5055 sibi
1009 4999 1199 5055 altore.

766 5093 998 5151 CAPUT
1046 5091 1229 5148 XLIV.

279 5188 408 5245 Nam
432 5206 531 5261 per
554 5204 756 5244 annum
792 5188 962 5242 ferme
988 5201 1151 5255 supra
1183 5185 1439 5256 templum
1492 5185 1668 5254 ipsum
1707 5199 1800 5238 co-

218 5293 379 5339 metes
406 5327 419 5347 ,
452 5286 652 5353 passim
703 5282 841 5352 ignis
872 5291 925 5335 et
954 5279 1117 5351 gladii
1170 5280 1460 5349 quamdam
1506 5276 1801 5349 prmfercus

220 5373 639 5438 similitudinem,
668 5374 1025 5429 denuntiabat
1051 5386 1269 5440 quoque
1303 5371 1446 5426 ferro
1468 5383 1521 5425 et
1543 5370 1651 5440 igni
1674 5385 1807 5439 gen-

220 5467 281 5521 tis
305 5480 358 5525 et
380 5472 529 5541 regni
564 5470 822 5538 urbisque
857 5467 1022 5537 ipsius
1048 5466 1350 5520 vastitatem
1382 5463 1637 5518 futuram.
1669 5463 1805 5530 Quid

223 5562 353 5616 enim
377 5562 675 5619 similitudo
713 5561 875 5634 gladii
909 5561 1007 5614 nisi
1041 5560 1280 5614 bellum?
1327 5558 1465 5626 Quid
1510 5557 1672 5625 ignis,
1706 5557 1811 5614 risi

222 5649 511 5711 incendium
545 5654 926 5711 denuntiaret?
955 5654 1107 5709 Visus
1137 5663 1219 5708 est
1250 5660 1453 5717 autem,
1481 5652 1631 5722 prius
1652 5668 1809 5723 quom

291 5847 312 5872 “
346 5840 647 5896 Allolebmtt.
687 5840 853 5894 BAtm.

294 5905 317 5944 ι’
348 5911 591 5968 .lleraere.
630 5911 711 5966 lo.

1902 4812 2064 4879 filius,
2106 4814 2342 4870 ruricola
2404 4816 2535 4884 vir,
2605 4824 2731 4873 ante
2799 4832 2974 4873 annos
3041 4830 3271 4889 quatuor
3335 4836 3500 4893 quam

1902 4906 2106 4962 bellum
2155 4907 2469 4965 Jud;.eorum
2517 4911 2749 4981 pepulus
2784 4911 3131 4981 adoriretur,
3183 4914 3237 4969 in
3285 4929 3500 4971 summa

1904 5015 2035 5069 pace
2066 5001 2215 5055 urbis
2246 5010 2302 5057 et
2332 5002 2685 5068 abundantia,
2712 5019 2833 5059 cmn
2863 5006 3185 5078 scenopegia
3217 5008 3506 5065 sacriﬁciis

1904 5093 2238 5149 solemnibus
2260 5095 2688 5162 celebrarentur,
2716 5099 2979 5167 templum
3003 5099 3329 5169 ascendens,
3348 5103 3517 5172 cmpit

1906 5188 2186 5243 clamare:
2224 5187 2341 5243 Vox
2388 5189 2450 5243 ab
2498 5190 2725 5252 oriente,
2759 5203 2856 5243 rex
2886 5190 2948 5244 ab
2993 5192 3281 5259 occidente,
3338 5210 3436 5249 vos:
3482 5211 3517 5250 ιι

1907 5296 2131 5353 quatuor
2157 5287 2340 5352 ventis,
2372 5302 2469 5339 vos:
2493 5301 2650 5355 super
2683 5282 3100 5356 Hierosolymam
3131 5298 3177 5340 ct
3208 5304 3364 5358 super
3394 5300 3520 5343 tem-

1907 5375 2074 5447 plum,
2108 5391 2206 5429 voa:
2232 5394 2390 5445 super
2414 5394 2631 5445 sponsos
2658 5385 2705 5428 et
2735 5392 2974 5445 sponsus,
3005 5392 3102 5431 vox
3130 5396 3286 5451 super
3313 5397 3519 5434 omnem

1911 5470 2159 5538 populant
2194 5482 2213 5519 :
2242 5468 2343 5523 hoc
2376 5469 2625 5522 noetibus
2655 5474 2709 5520 et
2735 5466 2926 5520 diebus
2951 5469 3376 5523 vociferabatnr.
3402 5473 3524 5533 Quo

1915 5562 2046 5616 moti
2093 5562 2363 5632 primores
2426 5562 2570 5625 luci,
2622 5560 3004 5627 corripuerunt
3057 5576 3178 5615 eum
3209 5603 3222 5625 ,
3270 5563 3518 5620 terribile

1915 5656 2066 5709 vocis
2128 5654 2245 5723 ejus
2296 5653 2554 5710 indicium
2606 5651 3118 5723 perhorrescentes,
3167 5663 3223 5709 et
3274 5656 3528 5726 plurimis

1988 5844 2008 5871 ε
2046 5832 2312 5901 Regionis.
2344 5830 2417 5888 Io.
