3948 6334
498 299 636 357 2191

1851 290 2097 349 SANCTI
2138 287 2457 347 AMBROSJI

3664 295 3790 350 2192

502 428 627 470 eum
662 408 941 481 suppliciis
972 406 1220 469 aﬁ'ecere,
1248 400 1357 474 quo
1387 404 1579 459 saltem
1612 404 1846 460 afﬁietus
1871 406 2089 472 dolore,
2122 413 2175 473 Α
2203 403 2364 460 terris
2409 402 2707 459 secundum
2754 419 2971 462 carnem
3003 406 3216 477 genitus
3241 423 3308 463 ex
3342 409 3544 477 Maria,
3578 424 3786 479 regnum

497 508 771 562 desineret
820 501 1081 558 terribilia
1121 508 1176 554 et
1226 498 1381 569 plena
1433 498 1697 569 prodigiis
1742 499 2087 555 denuntiare.

494 602 564 655 At
592 600 682 653 ille
723 613 823 652 nec
856 603 1002 649 metu
1031 593 1140 647 ul‘.o
1161 634 1176 659 ,
1212 607 1311 647 nec
1340 592 1661 647 verberibus
1709 601 1801 646 aut
1830 592 2092 663 graviori-

492 691 596 747 bus
648 685 1181 745 interminationibus
1231 685 1487 753 territus,
1535 699 1693 740 nsum
1755 695 1849 740 aut
1900 700 2087 740 vocem

490 783 739 849 mutavit,
767 779 957 836 eadem
985 776 1412 834 denuntiationis
1438 777 1840 848 perseverantia
1873 785 1928 833 et
1953 793 2087 833 con-

490 875 729 932 textione
773 887 1122 937 sermonum,
1156 870 1301 926 nulla
1350 870 1750 927 obsecrationis
1795 870 2090 941 interpola-

491 971 636 1025 tione
667 967 721 1024 in
752 966 941 1022 iisdem
974 966 1261 1031 manebat,
1295 965 1507 1036 injuria:
1552 967 1858 1037 negligens,
1891 966 2089 1022 all'ectu

490 1060 806 1116 immobilis.
857 1057 1013 1128 Quod
1080 1073 1418 1129 nequaquam
1476 1058 1897 1128 perfunctorium
1963 1059 2085 1125 rati,

487 1153 584 1211 sed
614 1152 669 1208 in
698 1165 927 1208 excessu
956 1150 1153 1207 mentis
1177 1192 1192 1215 ,
1221 1159 1278 1204 ut
1304 1159 1420 1206 erat
1439 1192 1453 1217 ,
1486 1150 1741 1221 eXprimi,
1775 1150 2087 1206 detulerunt

472 1246 555 1299 'ad
600 1245 702 1300 loci
742 1244 1014 1315 judicem,
1047 1247 1138 1312 qui
1184 1249 1315 1298 tunc
1341 1244 1601 1313 temporis
1630 1259 1659 1297 a
1688 1243 1949 1298 Romanis
1988 1258 2089 1314 per

488 1339 540 1394 id
570 1340 848 1401 locorum,
898 1336 1110 1407 publica
1162 1336 1399 1406 agitabat
1446 1335 1682 1406 negotia.
1724 1335 1773 1390 is
1824 1335 2085 1391 rimandis

485 1432 730 1489 veritatis
758 1430 930 1503 gratia
956 1473 970 1497 ,
1004 1429 1321 1485 saevissimis
1350 1445 1474 1485 eum
1504 1430 1678 1499 poenis
1707 1429 2037 1485 exulceravit
2068 1447 2082 1483 :

480 1541 589 1597 quo
619 1525 791 1594 magis
823 1532 1216 1594 perseveraret,
1247 1538 1313 1578 eo
1343 1522 1723 1579 vehementius
1752 1522 1952 1594 corripi
1982 1522 2082 1577 ﬁa-

481 1620 639 1691 gellis
666 1620 940 1673 hominem
981 1617 1212 1688 jubens,
1242 1626 1300 1672 ut
1329 1618 1373 1672 si
1420 1632 1526 1688 qna
1570 1618 1869 1674 secretiora
1917 1616 2084 1673 futuri

478 1712 743 1767 tumultus
787 1711 1147 1781 comperisset
1192 1709 1422 1775 indicia,
1455 1709 1851 1765 manifestaret.
1884 1709 1957 1765 At
1980 1710 2083 1776 ille

2195 509 2353 549 suum
2384 509 2480 565 per
2524 496 2773 553 universa
2821 508 3084 554 terrarum
3132 502 3304 571 Spatia
3343 502 3585 558 diffudit.
3616 502 3787 557 Tantis

2194 588 2372 659 itaque
2402 588 2563 644 rebus
2589 600 2611 627 ο
2643 589 3078 657 advenientibus,
3111 610 3217 648 non
3246 603 3544 664 potuerunt
3572 610 3783 667 capere,

2191 680 2337 750 quod
2363 680 2620 737 divinitus
2649 682 3066 739 decernebatur.

2780 772 3013 833 CAPUT
3053 777 3211 833 XLV.

2266 866 2615 938 Fugientibus
2659 869 2839 941 itaque
2904 871 3219 927 auctoribus
3271 873 3606 929 seditionum
3669 889 3781 930 eum

2191 961 2450 1031 templum
2476 974 2816 1030 evureretur,
2848 963 3077 1018 Romani
3121 975 3425 1035 posuerunt
3452 967 3606 1037 signa
3647 966 3777 1021 intra

2190 1053 2470 1109 circuitum
2504 1056 2689 1126 templi
2716 1056 2916 1126 ipsius,
2945 1066 2998 1113 et
3019 1067 3205 1113 contra
3236 1071 3448 1128 portam
3476 1060 3782 1115 orientalem

2190 1145 2657 1212 sacriﬁcaverunt,
2690 1147 3077 1219 imperatorem
3107 1149 3286 1205 Titum
3337 1151 3569 1206 summis
3605 1152 3784 1222 pnedio

2188 1248 2375 1294 cantes
2426 1240 2673 1296 vocibus.
2703 1239 2911 1296 Interea
2962 1256 3097 1311 puer
3146 1243 3364 1313 quidam
3403 1259 3473 1299 eo
3522 1244 3653 1311 loci,
3695 1245 3774 1299 ubi

2188 1332 2350 1386 etiam
2378 1333 2693 1390 sacerdotes
2717 1342 2895 1400 erant,
2925 1349 3062 1405 quos
3087 1344 3141 1391 et
3163 1336 3344 1406 inopia
3365 1351 3522 1407 aqua:
3547 1347 3604 1393 et
3628 1346 3778 1392 :estus

2189 1423 2399 1479 ﬁnitimi
2449 1425 2683 1481 incendii
2726 1426 3159 1482 commaeerabat
3187 1429 3309 1497 siti,
3364 1431 3578 1501 rogavit
3624 1446 3771 1486 unum

2188 1517 2255 1572 de
2285 1518 2604 1575 custodibus
2629 1519 2891 1577 Romanis
2932 1521 3213 1578 dexteram
3261 1523 3367 1578 sibi
3414 1524 3575 1589 dare,
3603 1535 3773 1596 potum

2186 1609 2411 1665 oll'erre.
2445 1610 2695 1667 Porrexit
2716 1614 2893 1681 illico,
2922 1623 3136 1670 aetatem
3174 1620 3377 1685 pariter
3405 1618 3685 1673 miseratus
3719 1634 3774 1674 ae

2188 1706 2568 1759 necessitatem
2599 1721 2613 1759 :
2639 1705 2774 1762 bibit
2804 1707 3060 1777 puerulus
3089 1726 3102 1761 :
3135 1718 3190 1765 et
3230 1711 3356 1781 quia
3400 1712 3592 1767 sedulo
3630 1715 3772 1768 inno-

474 1823 651 1878 neque
679 1805 846 1872 flevit,
880 1820 1055 1875 neque
1083 1804 1322 1875 rogavit,
1355 1802 1450 1857 sed
1483 1802 1549 1857 ad
1596 1804 1803 1873 singula
1854 1802 2081 1858 verbera
2113 1813 2161 1873 Β
2190 1795 2296 1850 ιίω
2320 1796 2585 1852 creditum
2612 1797 2789 1854 fuerat
2815 1802 2983 1865 :ctati,
3017 1802 3191 1871 rapuit
3216 1818 3368 1873 aqum
3394 1820 3524 1872 vas,
3551 1814 3604 1860 et
3626 1820 3773 1861 cursu

479 1916 588 1955 non
619 1916 774 1955 suum
796 1941 810 1965 ,
839 1898 934 1954 sed
967 1897 1158 1967 patria:
1202 1897 1472 1953 excidium
1506 1896 1763 1952 ﬂebiliter
1802 1896 2079 1967 plorabat,

478 1993 666 2048 dicens
700 2010 713 2044 :
747 1991 840 2047 Vw
868 1991 1271 2062 Hierosolymis.
1304 1990 1514 2061 Neque,
1559 1991 1924 2060 interrogatus
1963 1991 2084 2061 quis

478 2092 657 2149 esset,
689 2085 773 2139 vel
802 2084 974 2149 unde,
1005 2083 1089 2137 vel
1120 2098 1219 2138 cur
1248 2083 1436 2138 eadem
1481 2081 1721 2149 diceret,
1755 2098 2081 2155 responsum

477 2175 713 2231 reddidit
776 2193 789 2229 :
851 2175 946 2231 sed
999 2174 1372 2229 tantummodo
1435 2176 1879 2232 lamentationem
1935 2176 2083 2231 illam

478 2268 698 2339 patriae,
728 2276 921 2337 questu
976 2267 1275 2323 miserabili
1332 2269 1784 2338 prosequebatur.
1828 2266 2083 2324 Defessus

475 2361 659 2431 itaque
682 2359 916 2414 Albinus
944 2357 1072 2431 (hoc
1101 2360 1247 2414 enim
1281 2374 1479 2415 nomen
1512 2360 1655 2429 viro)
1684 2360 1891 2414 dimisit
1914 2376 2038 2416 eum
2064 2403 2079 2429 ,

477 2464 750 2526 tamquam
802 2456 1041 2511 dementi
1095 2453 1467 2525 furore,quid
1512 2453 1751 2520 diceret,
1802 2469 1907 2510 non
1957 2470 2082 2511 sen-

476 2548 723 2603 tientem.
757 2549 825 2601 At
876 2546 968 2602 ille
1011 2563 1188 2618 neque
1234 2562 1541 2603 sermonem
1589 2548 1757 2602 ullum
1796 2564 1918 2603 cum
1948 2564 2080 2620 quo-

474 2656 635 2712 quam
670 2640 921 2706 habebat,
956 2654 1058 2695 nee
1084 2638 1231 2694 aliud
1260 2639 1405 2710 loqui
1438 2655 1534 2710 per
1567 2640 1835 2711 reliquum
1869 2650 2082 2710 tempus

475 2734 694 2788 auditus
720 2742 836 2798 est,
863 2732 959 2788 sed
989 2732 1093 2787 hoc
1126 2742 1396 2804 tamquam
1446 2733 1672 2804 lugubre
1719 2744 1880 2805 atque
1926 2733 2082 2792 fune-

474 2843 629 2883 reum
679 2829 949 2881 cantictnu
999 2841 1230 2892 canens,
1263 2827 1456 2883 diebus
1486 2842 1549 2882 ac
1594 2829 1844 2883 noctibus
1879 2828 2082 2899 jugiter

474 2919 770 2977 resultabat
804 2937 817 2973 :
857 2918 946 2974 Va:
977 2918 1372 2991 Hierosolymis.
1406 2921 1589 2990 Neque
1621 2922 1927 2977 verberanti
1950 2937 2080 2979 con~

478 3015 809 3081 viciabatur,
840 3029 1018 3084 neque
1048 3013 1229 3069 cibum
1260 3014 1589 3083 impartienti
1631 3016 1835 3085 gratias
1862 3017 2077 3084 agebat.

474 3108 593 3166 Una
620 3108 817 3164 eratad
846 3121 1057 3169 omnes,
1078 3105 1375 3177 eademque
1397 3107 1554 3177 plena
1582 3106 1823 3162 funebris
1845 3107 2081 3162 ululatus

2188 1902 2311 1941 sese
2346 1889 2633 1957 proripuit,
2663 1899 2723 1943 ut
2747 1890 2908 1945 etiam
2936 1893 3311 1948 sacerdotibus
3340 1894 3556 1951 bibendi
3576 1898 3767 1968 cupiam

2188 1979 2539 2035 ministraret.
2570 1981 2755 2037 Voluit
2783 1982 2935 2053 sequi
2967 1984 3153 2050 miles,
3181 1986 3274 2041 sed
3308 2002 3415 2042 non
3446 1989 3614 2059 potuit
3634 2006 3772 2045 com-

2186 2069 2674 2141 prehenderegllle
2703 2075 2944 2145 periculo
2969 2089 3067 2131 suo
3096 2078 3440 2134 sacerdotum
3468 2081 3607 2135 sitim
3641 2081 3773 2136 leva-

2184 2162 2281 2217 vit.
2312 2163 2456 2219 Bona
2490 2148 2669 2233 fraus,
2700 2182 2821 2238 quae
2862 2168 3132 2224 neminem
3184 2169 3445 2239 laederet,
3479 2173 3771 2230 subveniret

2188 2259 2517 2313 necessitati.
2560 2261 2805 2332 Denique
2853 2261 3011 2318 miles
3050 2262 3167 2334 ipse
3215 2266 3442 2321 miratus
3489 2278 3570 2323 est
3616 2269 3770 2338 magis

2184 2350 2438 2407 affectum
2474 2356 2648 2424 pueri,
2680 2371 2841 2426 quam
2872 2357 3054 2413 dolum
3082 2359 3414 2429 detestatus,
3443 2363 3581 2434 quod
3616 2364 3662 2418 in
3686 2364 3769 2418 illa

2185 2451 2344 2500 aetate
2374 2448 2588 2502 excidio
2619 2448 2784 2504 totius
2816 2450 2964 2505 urbis
2991 2454 3343 2509 etcommuni
3378 2457 3632 2523 periculo,
3654 2456 3769 2528 quid

2181 2535 2479 2593 deberetur
2510 2541 2836 2597 reverentiae
2867 2543 3271 2612 sacerdotibus,
3303 2547 3448 2617 quod
3477 2550 3644 2618 potuit
3677 2550 3768 2603 mi-

2183 2631 2502 2701 nisterium,
2548 2649 2656 2689 non
2703 2635 3083 2706 inexpressum
3150 2639 3389 2710 reliquit.
3436 2640 3548 2698 Nec
3614 2643 3767 2699 multo

2184 2733 2304 2793 post
2333 2726 2646 2781 sacerdotes
2667 2727 2897 2783 confecti
2919 2728 3062 2784 fame
3089 2739 3145 2785 et
3169 2730 3290 2797 siti,
3322 2733 3486 2788 vitam
3511 2745 3761 2806 rogarunt.

2181 2817 2330 2884 Quos
2358 2820 2510 2874 Titus
2562 2820 2719 2891 jussit
2748 2821 2953 2889 occidi,
3002 2823 3292 2895 degeneris
3345 2828 3512 2883 animi
3551 2843 3666 2884 esse
3691 2843 3767 2883 re-

2182 2911 2510 2981 spondens,ll
2528 2921 2584 2969 ut
2602 2914 2809 2986 templo
2826 2923 2884 2971 et
2906 2919 3117 2971 muneri
3143 2929 3405 2987 cuperent
3424 2921 3763 2992 supervivere.

2760 3008 2993 3065 CAPUT
3036 3009 3222 3066 XLVI.

2252 3098 2446 3154 Joanni
2473 3109 2655 3156 autem
2683 3112 2736 3156 et
2771 3101 2983 3158 Simoni
3004 3112 3059 3159 et
3093 3105 3307 3161 caneris
3339 3107 3671 3179 principibus
3688 3122 3768 3163 se-

476 3200 788 3272 responsio,
833 3210 886 3255 et
931 3198 1168 3255 maxime
1216 3199 1603 3255 sacriﬁciorum
1651 3199 2074 3255 celebritatibus.
2105 3195 2150 3258 C
2182 3189 2448 3245 dilionum
2500 3193 2849 3263 rogantibus,
2895 3203 2953 3250 ut
2998 3196 3274 3269 pauliSper
3336 3214 3551 3257 cessare
3600 3200 3765 3272 jacula

476 3293 579 3347 Per
607 3302 816 3362 septem
855 3293 1038 3362 itaque
1080 3305 1254 3345 annos
1288 3301 1339 3347 et
1371 3290 1606 3361 quinque
1639 3307 1856 3346 menses
1882 3290 2074 3347 eadem

473 3387 762 3441 verborum
814 3385 1017 3449 series,
1047 3383 1188 3438 idem
1218 3383 1371 3438 vocis
1420 3398 1588 3439 sonus
1635 3385 1856 3439 mansit.
1888 3385 2075 3456 Itaque

473 3477 779 3531 indefessus
810 3484 960 3530 tanto
989 3488 1265 3545 tempore,
1292 3476 1381 3532 ubi
1410 3475 1623 3531 obsidio
1657 3478 1855 3546 cmpit,
1885 3478 2074 3533 eadem

475 3569 566 3624 illa
616 3566 904 3623 vociferari
950 3563 1191 3631 destitit,
1221 3567 1371 3635 quasi
1402 3581 1619 3622 cessare
1663 3577 1943 3637 oporteret
1980 3568 2076 3623 de-

472 3662 731 3729 nuntiari,
759 3676 881 3717 cum
913 3659 1186 3724 adessent,
1220 3674 1340 3730 quae
1368 3658 1581 3715 fuerant
1604 3660 1945 3715 denuntiata.
1968 3659 2075 3716 Sed

466 3758 557 3813 ubi
590 3756 805 3811 ﬁamma
832 3755 999 3824 cmpit
1045 3753 1249 3823 pariter
1290 3752 1477 3808 urbem
1504 3763 1559 3808 et
1590 3754 1850 3823 templum
1892 3752 2072 3808 invol-

472 3864 633 3917 vere,
670 3848 998 3903 circumiens
1042 3861 1255 3901 murum
1281 3888 1297 3915 ,
1340 3846 1577 3902 clamare
1621 3846 1818 3902 iterum
1862 3847 2073 3919 cmpit:

484 3938 573 3996 Va:
599 3940 811 4004 civitati,
845 3938 1038 4011 populo
1068 3948 1116 3993 et
1138 3939 1349 4011 tentplo.
1377 3939 1444 3994 Et
1470 3938 1537 3994 ad
1566 3949 1898 4009 postremum
1923 3940 2075 3995 addi-

475 4032 556 4088 dit
586 4050 601 4085 :
636 4031 730 4086 Va:
755 4033 907 4085 etiam
934 4031 1060 4084 mihi
1088 4048 1106 4085 :
1137 4040 1193 4086 et
1221 4032 1247 4061 °
1275 4030 1560 4088 fundibulo
1587 4034 1723 4089 ictus
1747 4075 1760 4100 ,
1794 4036 1845 4088 in
1882 4034 2073 4090 eadem

473 4142 609 4181 voce
652 4124 835 4179 emisit
899 4124 1175 4194 spiritum.
1218 4124 1417 4180 Urbem
1466 4140 1683 4197 quoque
1733 4128 1903 4197 ipsam
1952 4143 2075 4183 cum

478 4217 705 4286 templo,
738 4215 967 4271 vetustis
999 4215 1195 4271 litteris
1235 4216 1494 4286 scriptum
1536 4227 1655 4273 erat
1698 4228 1826 4274 tunc
1874 4221 2077 4290 peritu-

478 4326 625 4376 ram,
655 4324 777 4363 eum
809 4315 1147 4378 tetragonum
1188 4308 1448 4379 templum
1480 4309 1675 4364 factum
1737 4307 1945 4367 fuisset.
1972 4310 2077 4366 lta—

481 4422 586 4477 que
616 4408 731 4460 sive
758 4403 935 4469 obliti,
967 4403 1083 4458 sive
1113 4402 1473 4472 obstupefacti
1501 4404 1867 4476 ingruentium
1900 4407 2074 4461 malo-

469 4518 588 4557 γυνη
624 4499 947 4555 necessitate
968 4540 981 4565 ,
1016 4498 1107 4553 ubi
1140 4506 1400 4568 occupata
1430 4506 1515 4553 est
1543 4497 1804 4569 Antonia,
1835 4507 2077 4572 tetrago—

2185 3284 2413 3339 telorum
2451 3295 2502 3340 et
2534 3288 2818 3356 strepitum
2844 3288 3087 3358 iuberet;
3118 3290 3440 3362 dicendique
3462 3293 3561 3349 sibi
3592 3304 3757 3365 potes-

2183 3384 2347 3455 tatem
2399 3377 2590 3447 daret,
2620 3380 2689 3434 ab
2734 3379 3068 3451 indulgentia
3102 3399 3207 3439 non
3244 3386 3565 3442 abhorreret
3595 3404 3608 3442 :
3637 3388 3762 3443 facto

2176 3469 2397 3526 silentio
2428 3471 2501 3527 ita
2526 3473 2804 3543 respondit
2833 3493 2849 3531 :
2880 3475 3095 3543 Serum,
3117 3478 3458 3549 nequissimi,
3487 3489 3683 3550 tempus
3702 3478 3763 3535 ad

2178 3564 2628 3632 misericordiam,
2661 3583 2782 3623 cum
2807 3567 2921 3639 jam
2973 3569 3104 3641 quid
3135 3582 3448 3628 reservetur
3469 3615 3484 3641 ,
3512 3573 3638 3629 nihil
3677 3587 3757 3628 re-

2178 3655 2363 3712 lictum
2393 3660 2483 3713 sit.
2514 3658 2818 3716 Oﬁ‘erebam
2847 3662 3022 3729 vobis,
3064 3672 3121 3719 et
3157 3664 3504 3735 despexistis,
3541 3676 3594 3722 et
3618 3664 3748 3720 difﬁ-

2180 3750 2421 3806 dentiam
2453 3753 2704 3822 putastis,
2747 3770 2855 3810 non
2886 3756 3299 3828 indulgentiam.
3326 3759 3400 3814 At
3437 3774 3536 3830 ego
3566 3758 3758 3814 innoxia

2179 3845 2409 3902 tedilicia
2439 3857 2622 3904 vestro
2647 3849 2856 3907 scelere
2898 3852 3077 3920 perire
3101 3853 3549 3923 ingemiscebam,
3589 3853 3757 3920 vulgus

2178 3939 2415 4009 ignobile
2435 3941 2556 4012 cogi
2582 3941 2651 3997 ad
2676 3950 2907 4000 mortem
2934 3944 3187 4001 dolebam
3220 3963 3232 3999 :
3259 3961 3487 4017 parcere
3516 3945 3753 4010 volebant,

2179 4048 2277 4088 vos
2304 4047 2411 4089 non
2439 4036 2703 4091 sinebatis
2731 4054 2744 4090 :
2776 4038 3174 4109 suspendebam
3212 4040 3396 4109 przelia
3423 4082 3439 4109 ,
3470 4056 3565 4097 vos
3608 4040 3756 4095 irrue-

2177 4125 2318 4181 batis
2348 4145 2362 4180 :
2394 4143 2579 4198 pacem
2627 4129 2958 4200 oﬁ‘erebam,
3001 4149 3097 4189 vos
3145 4150 3251 4189 non
3299 4135 3579 4207 recepistis
3606 4132 3758 4189 :allo—

2178 4222 2384 4289 quebar
2413 4220 2753 4293 frequenter,
2786 4224 2982 4281 crebro
3027 4226 3444 4282 eonveuiebam.
3475 4227 3589 4283 Non
3614 4223 3755 4298 pudet

2178 4313 2364 4372 dicere
2386 4356 2400 4383 ,
2435 4315 2822 4373 insolentiores
2861 4332 2959 4374 vos
3001 4317 3107 4375 feci
3157 4319 3421 4392 rogando.
3454 4319 3589 4388 Quid
3624 4323 3753 4389 puta-

2178 4410 2356 4467 batis?
2385 4413 2528 4484 quod
2578 4413 2839 4470 Romanas
2868 4415 3015 4472 acies
3043 4415 3197 4471 vobis
3225 4416 3488 4473 cederent
3507 4457 3522 4483 ,
3552 4423 3604 4471 et
3629 4410 3749 4469 mul-

2179 4506 2411 4563 titudine
2437 4507 2915 4564 circumveniretis
2945 4509 3206 4566 victorem
3235 4510 3482 4567 omnium
3513 4518 3748 4565 terrarum

476 4610 604 4650 num
655 4592 939 4648 circuitum
1012 4589 1197 4660 templi
1246 4589 1510 4646 fecerunt.
1569 4590 1714 4647 Inter
1767 4608 1890 4664 quae
1941 4593 2532 4661 illudDexereitum?
2561 4599 2740 4669 Quota
2786 4602 2967 4672 portio
3013 4602 3162 4659 orbis
3192 4603 3626 4674 pugnavit,quia
3651 4597 3750 4654 uni-

468 4682 1062 4757 praeeellentissimum,
1106 4681 1251 4753 quod
1298 4682 1349 4736 in
1394 4683 1588 4740 litteris
1637 4700 1793 4755 teque
1843 4688 2072 4743 vetustis

463 4799 599 4854 quas
646 4796 827 4836 sacras
872 4777 1176 4844 vocabant,
1219 4778 1475 4833 manebat
1524 4779 1887 4849 impressum,
1921 4781 2068 4851 quod

466 4873 761 4931 secundum
806 4870 935 4926 illud
991 4878 1241 4938 tempus,
1290 4868 1503 4926 futurus
1546 4880 1693 4927 esset
1719 4873 1835 4939 vir,
1868 4875 1959 4945 qui
2001 4877 2069 4930 de

469 4972 690 5039 regione
716 4982 902 5023 eorum
928 4964 1210 5035 imperium
1240 4975 1541 5022 assumeret
1582 4966 1637 5021 in
1666 4968 1851 5024 orbem
1901 4978 2072 5024 terra-

469 5079 608 5118 rum.
642 5062 772 5129 Quu:
818 5074 906 5113 res
936 5072 1031 5112 eos
1081 5057 1133 5111 in
1180 5065 1331 5112 tanto
1379 5056 1564 5114 furore
1607 5059 1819 5129 posuit,
1861 5072 1918 5116 ut
1966 5062 2071 5118 sibi

468 5173 575 5212 non
608 5155 780 5211 solum
808 5152 1139 5215 libertatem,
1168 5149 1263 5205 sed
1294 5149 1458 5205 etiam
1491 5167 1715 5221 regnum
1740 5153 2069 5223 polliceren-

466 5257 575 5305 tur.
605 5247 659 5303 id
706 5246 798 5301 alii
846 5244 913 5299 ad
942 5243 1330 5314 Vespasianum
1381 5243 1729 5300 referendum
1778 5256 2064 5317 putarunt;

468 5339 849 5414 prudentiores
895 5337 962 5391 ad
1016 5333 1304 5390 Dominum
1352 5333 1562 5405 Jesum,
1595 5337 1687 5409 qui
1721 5336 1959 5396 beorum
2010 5341 2064 5396 in

530 5489 558 5517 ll
586 5475 769 5547 eode;
787 5479 894 5547 vel.
916 5467 1216 5547 fu_r_2dibalo:
1239 5469 1461 5547 rectius.
1479 5471 1899 5547 Bann.-—_—liabet
1925 5491 2062 5547 quo-

457 5567 570 5635 que.
597 5544 870 5629 {undibala
916 5539 1645 5635 editionﬁseens'i‘i‘prima:
1664 5544 1764 5635 sic,
1787 5546 1924 5635 iter];
1942 5539 2057 5635 :99-

457 5610 834 5691 ﬁmi'quique
896 5610 1283 5691 manuscripti;
1335 5610 1840 5691 Et’fundibalusa
1890 5610 2061 5691 βάλλω

459 5700 610 5748 recte
637 5680 767 5752 diei,
797 5695 910 5740 tum
938 5680 1146 5753 Glossae
1175 5680 1410 5752 antiquae
1436 5680 1751 5753 declarant,
1778 5687 1829 5741 in
1867 5680 2062 5753 quibus

460 5758 721 5835 {undiboli
761 5762 889 5812 sunt
911 5752 1195 5822 λιθοϐόλοι,
1228 5760 1340 5809 tum
1390 5754 1554 5811 etiam
1606 5757 1845 5815 Isidorus
1878 5752 2061 5831 Origg.

2172 4708 2391 4749 versum
2423 4709 2523 4751 nec
2552 4696 2704 4766 regio
2735 4704 2913 4751 vestra
2943 4698 3215 4754 sustinere
3244 4708 3477 4768 poterat,
3508 4714 3604 4755 nec
3629 4695 3749 4751 siue—

2173 4788 2267 4845 bat
2298 4791 2632 4847 necessitas?
2657 4792 2852 4849 Melior
2877 4794 3022 4850 enim
3050 4810 3179 4851 cura
3203 4795 3362 4852 nobis
3394 4796 3574 4853 tuendi
3600 4793 3743 4855 orbis,

2173 4897 2333 4953 quam
2367 4884 2722 4955 propagandi.
2758 4885 3114 4959 Quocumque
3160 4904 3349 4945 camus
3391 4890 3523 4945 nihil
3554 4896 3633 4946 est
3666 4898 3746 4945 uo-

2171 4990 2321 5041 vom,
2357 4976 2491 5031 nihil
2523 4987 2605 5033 est
2631 4977 2904 5047 alienum,
2937 4981 3135 5051 quibus
3162 4982 3341 5038 omnis
3373 4992 3517 5040 terra
3562 4991 3746 5053 posses-

2169 5068 2253 5124 sio
2283 5080 2388 5125 est.
2419 5066 2793 5128 Latrocinium
2832 5072 2936 5129 hoc
2962 5074 3115 5146 quasi
3169 5091 3382 5131 naevum
3431 5076 3486 5132 in
3544 5083 3744 5145 corpore

2169 5159 2263 5216 diu
2293 5163 2743 5220 dissimulandum
2780 5170 3125 5238 putavimus,
3155 5170 3448 5241 aliquando
3474 5164 3743 5227 crudelitati

2170 5254 2523 5314 auferendum
2557 5260 2909 5332 credidimus,
2934 5279 3004 5320 ne
3026 5264 3292 5338 fulgorem
3315 5265 3525 5337 imperii
3547 5256 3742 5319 Romani

2170 5358 2354 5405 vestra
2406 5351 2782 5410 inobedientia
2826 5364 2885 5412 et
2915 5358 3160 5429 quaedam
3194 5359 3548 5431 interpolaret
3573 5354 3739 5424 caligo.

2166 5481 2262 5569 lib;
2295 5489 2717 5569 {vutacapaim
2748 5489 2955 5548 Mazoc.
2987 5493 3027 5569 ί.
3060 5511 3109 5547 c.
3137 5513 3264 5569 pag.
3288 5494 3416 5554 795.

2237 5554 2265 5594 ι)
2297 5556 2398 5623 Qui
2424 5558 2487 5613 de
2515 5554 2725 5630 régione
2751 5578 2951 5618 eorum.
2986 5554 3156 5621 Bann'.

2242 5638 2263 5667 ο
2290 5631 2697 5688 Admonentibus
2730 5673 2744 5688 .
2788 5675 2801 5688 .

2236 5695 2262 5735 ἀ
2297 5700 2451 5766 Quod
2478 5704 2651 5776 templ.
2687 5703 2762 5760 in.

2847 5673 2863 5690 .
2908 5651 3106 5694 cavere.
3140 5639 3216 5695 Io.
