3948 6318
224 304 375 362 ειοδ

1090 310 1363 369 IIISTOB.
1412 311 1497 367 DE
1536 310 1812 368 EXCIDIO
1854 311 2128 369 IIIEROS.
2180 311 2383 370 UBBIS
2423 312 2553 368 LIB.
2611 314 2674 370 ν.

3389 310 3535 368 2194

228 415 493 473 Sensistis
523 418 818 475 Romanam
848 421 1102 477 virtutem
1135 440 1240 479 non
1276 424 1558 493 bellando,
1592 425 1688 481 sed
1715 441 1831 482 mo-
1860 429 1912 489 Λ
1938 426 2328 499 inequitantem
2378 427 2689 485 ﬂuminibus
2715 429 2944 485 vicimus
2988 440 3149 503 atque
3194 431 3530 487 intonantem

225 510 444 567 rieudo.
480 511 667 583 Neque
714 513 860 569 enim
907 515 959 569 in
1013 530 1205 586 campo
1256 531 1432 573 veSIra
1466 518 1698 573 vidimus
1746 534 1839 588 ag-

224 602 411 671 mina,
441 603 535 660 sed
568 605 619 658 in
655 621 840 673 muro,
876 623 999 662 cum
1030 609 1183 664 vobis
1216 624 1315 666 nec
1350 610 1583 665 claustra
1615 610 1840 681 prodes-

223 707 348 752 sent
377 697 443 752 ad
476 707 832 755 tutamentum
866 702 1077 757 salutis.
1103 703 1235 772 Quis
1265 706 1408 760 enim
1443 721 1632 761 murus
1660 706 1829 761 resis-

221 799 406 858 teret,
442 792 636 862 quibus
666 809 905 849 oceanus
937 811 1043 850 non
1093 799 1327 853 restitit?
1355 799 1463 854 Aut
1501 814 1617 869 qum
1646 800 1836 854 civitas

222 891 431 937 nostra:
461 882 732 939 obsidioni
759 885 1201 957 inexpugnabilis
1239 889 1379 945 foret
1401 900 1553 960 septa
1586 890 1835 962 praesidio

225 988 532 1039 murorum,
589 991 712 1031 cum
767 977 1075 1036 Britannias
1123 997 1336 1054 quoque
1394 983 1633 1037 Romana
1682 998 1831 1038 arma

218 1070 653 1137 penetraverint,
715 1086 872 1130 muro
928 1074 1211 1132 frementis
1254 1079 1686 1135 circumvallatos
1722 1080 1836 1137 cle-

220 1164 438 1218 menti?
485 1164 801 1223 Substratus
855 1181 938 1224 est
983 1171 1140 1226 nobis
1186 1172 1274 1227 ille
1325 1185 1630 1245 praeruptus
1677 1190 1830 1245 aqua:

218 1269 402 1310 mons.
436 1255 625 1313 Patres
672 1269 921 1328 vestros,
971 1272 1029 1318 ut
1076 1263 1315 1321 Judaicze
1360 1264 1556 1322 fabulae
1615 1266 1828 1334 ferunt,

215 1347 389 1404 Rubri
419 1351 584 1407 maris
612 1352 754 1409 unda
777 1397 791 1421 ,
819 1356 964 1410 muri
992 1359 1175 1427 specie
1203 1367 1569 1428 transeuntes,
1599 1361 1829 1416 circum-

215 1443 489 1500 vallavit:
522 1446 765 1502 Romana
818 1448 1079 1506 fortitudo
1129 1468 1343 1507 murum
1377 1453 1580 1510 Oceani
1629 1452 1834 1525 perfre-

218 1536 323 1606 git.
357 1536 472 1592 Non
503 1537 718 1597 invideo
762 1542 915 1598 vobis
958 1543 1133 1599 aliena
1176 1544 1462 1601 beneﬁcia.
1497 1545 1708 1601 Viderit
1734 1561 1831 1603 vos

219 1645 378 1687 mare
405 1641 459 1687 et
499 1632 731 1704 fugerit,
767 1643 826 1690 ut
875 1637 1045 1694 clausi
1092 1640 1161 1694 ab
1194 1642 1348 1696 hoste
1396 1641 1673 1712 fugeritis,
1705 1642 1827 1712 quia

215 1740 579 1798 perrumpere
629 1728 841 1786 hostem
888 1746 996 1786 non
1047 1736 1343 1803 poteratis,
1388 1750 1489 1789 nec
1531 1735 1823 1791 sustinere.

1942 519 2121 574 undis.
2181 520 2353 590 Ipsius
2404 523 2812 593 tempestatibus
2882 524 3226 593 quatiebatur
3276 522 3531 578 mundus.

1940 613 2007 668 Et
2058 613 2150 669 ille
2199 630 2383 671 morm
2416 630 2630 670 nosrros
2678 617 2843 671 armis
2887 616 3157 687 pulsabat.
3193 595 3376 686 Neque
3405 630 3537 671 vero

1937 707 2304 763 necessarium
2336 708 2455 776 fuit,
2489 717 2547 763 ut
2574 709 2755 764 hostes
2783 713 2948 765 nosui
2968 752 2982 774 ,
3013 710 3152 765 sicut
3177 709 3385 780 Assyrii
3414 723 3538 763 ves-

1940 800 2007 855 tri
2039 800 2370 856 dormientes
2400 802 2894 872 exstinguerentur,
2926 800 3020 855 sed
3053 801 3384 871 prmliantes.
3418 798 3535 854 Non

1937 896 2082 949 enim
2131 896 2182 950 in
2230 896 2435 950 somnis
2483 895 2706 950 victoria
2755 895 3050 965 quxritur,
3079 894 3172 949 sed
3223 895 3274 948 in
3304 893 3533 964 praelio:

1937 1003 2043 1042 non
2092 987 2309 1043 virtutis
2355 988 2553 1043 adorea
2583 998 2698 1055 est,
2730 988 2819 1043 ubi
2854 987 3070 1042 fortuita
3116 986 3308 1057 gratia.
3343 986 3535 1043 lIustes

1935 1083 2107 1138 nostri
2157 1099 2261 1139 non
2309 1099 2567 1154 aquarum
2613 1083 2777 1137 rutilo
2828 1083 3040 1153 decepti
3082 1082 3426 1137 renitentinm
3468 1080 3535 1135 ad

1936 1176 2067 1231 solis
2095 1186 2375 1243 exortum,
2411 1177 2464 1230 in
2494 1191 2685 1231 manus
2728 1184 2942 1230 nostras
2990 1173 3349 1228 inconsultius
3398 1173 3535 1227 inci-

1934 1267 2167 1335 derunt,
2217 1268 2343 1323 dum
2400 1267 2501 1321 fusi
2553 1266 2831 1336 sanguinis
2871 1266 3049 1335 specie
3091 1280 3191 1320 nos
3235 1264 3534 1320 exstinctos

1934 1369 2262 1432 putaverunt
2294 1379 2306 1414 :
2341 1361 2435 1416 sed
2464 1360 2698 1415 scientes
2731 1371 2785 1414 et
2829 1359 2894 1413 ad
2925 1358 3124 1414 bellum
3155 1358 3360 1429 parati,
3389 1372 3536 1412 cam-

1932 1468 2031 1525 pos
2057 1463 2319 1508 terrarum
2349 1453 2671 1522 corporibus
2702 1452 2814 1506 suis
2845 1461 3047 1514 texere,
3077 1465 3138 1503 ac
3168 1448 3384 1518 proprio
3405 1462 3531 1502 san-

1933 1546 2097 1616 guine
2128 1544 2493 1612 repleverunt.
2526 1543 2655 1610 Qua:
2680 1558 2779 1623 vos
2805 1541 3068 1596 fortitudo
3094 1541 3145 1594 in
3178 1549 3323 1593 tanta
3353 1540 3532 1610 posuit

1935 1637 2260 1693 insolentia?
2306 1636 2420 1691 Non
2470 1636 2738 1691 videbatis
2797 1650 2892 1691 eos
2951 1635 3160 1690 servire
3206 1634 3397 1699 nobis,
3443 1633 3533 1702 qui

1928 1733 2086 1788 vobis
2114 1731 2527 1802 imperitarunt?
2555 1730 2820 1802 Egyplns
2847 1745 2967 1800 qua:
2996 1744 3090 1783 vos
3119 1728 3361 1798 afﬂigere
3388 1727 3531 1782 sole-

212 1816 387 1873 Nohis
416 1819 537 1892 fuga
569 1820 770 1878 Oceani
798 1822 996 1878 damno
1023 1823 1245 1893 fuisset,
1274 1825 1322 1881 si
1358 1825 1601 1898 fugisset.
1633 1827 1816 1884 Gessi-
1852 1829 1900 1889 B
1926 1829 2010 1881 bat
2034 1869 2049 1893 ,
2082 1826 2241 1881 nobis
2263 1840 2502 1879 annuum
2532 1823 2720 1894 pendit
2747 1823 3003 1878 tributum
3023 1862 3038 1888 ,
3072 1831 3126 1876 et
3153 1821 3295 1875 viam
3328 1820 3534 1890 pra-bet

211 1928 341 1968 mus
366 1922 494 1970 ante
521 1915 723 1970 bellum
756 1932 877 1972 cum
908 1917 1195 1985 fluctibus;
1228 1921 1474 1975 insanum
1508 1936 1659 1976 mare
1699 1931 1826 1978 ante

210 2008 629 2076 superavimus,
662 2025 825 2081 quam
876 2011 941 2065 ad
1000 2012 1211 2068 hostem
1261 2014 1689 2083 perveniremus.
1720 2016 1827 2070 Ex-

209 2100 363 2170 cepit
400 2116 501 2156 nos
536 2100 817 2158 Britannia
842 2145 856 2171 ,
889 2105 1125 2162 victores
1166 2107 1584 2165 elementorum.
1619 2109 1826 2177 Quibus

208 2192 301 2250 illi
329 2192 609 2262 fidebant,
640 2211 737 2252 nos
766 2198 1114 2269 subegimus,
1149 2210 1206 2255 ut
1235 2201 1301 2257 ad
1334 2202 1590 2274 triumphi
1638 2218 1829 2259 cumu-

207 2286 325 2342 lum
356 2288 748 2367 ipquceanus
799 2291 1106 2349 accederet.
1140 2295 1245 2350 Sed
1280 2295 1419 2351 forte
1467 2298 1668 2353 virtute
1707 2312 1827 2353 cor-

208 2382 366 2453 poris
396 2383 828 2453 pracsumebatis.
864 2385 1136 2459 Numquid
1184 2404 1279 2444 vos
1308 2389 1596 2447 Germanis
1639 2391 1832 2449 fortio-

206 2490 326 2541 res,
354 2491 492 2546 quos
519 2489 705 2548 septos
734 2478 952 2550 Alpium
984 2496 1173 2549 muro,
1205 2483 1463 2539 fortitudo
1489 2485 1732 2540 Romana
1774 2487 1826 2541 in

207 2567 536 2624 servitutem
579 2570 840 2626 deduxit?
875 2572 986 2627 Nec
1037 2573 1126 2628 illa
1177 2576 1374 2631 similia
1418 2576 1581 2631 Tauri
1628 2578 1829 2633 montis

216 2662 444 2717 acclivis
492 2662 754 2731 collibus,
784 2674 876 2719 aut
901 2662 1170 2736 Canopeis
1208 2667 1514 2738 agminibus
1541 2667 1830 2741 Egyptio-

209 2768 373 2821 rum,
408 2769 533 2810 cum
590 2756 787 2826 quibus
833 2757 989 2813 vobis
1038 2758 1278 2814 bellandi
1325 2776 1451 2814 usus
1500 2771 1603 2815 est.
1652 2762 1829 2831 Supra

208 2849 392 2905 nubes
423 2849 800 2920 ascendimus,
831 2860 887 2908 et
929 2852 999 2909 de
1029 2853 1171 2909 nube
1218 2854 1616 2912 descendentes
1655 2872 1827 2927 pepu-

215 2943 302 2999 los
351 2944 581 2998 vicimus
615 2962 628 2997 :
657 2946 880 3013 ,aerium
935 2947 1147 3003 cunctis
1191 2950 1504 3017 aperuimus
1551 2952 1670 3005 iter.
1721 2950 1830 3007 lter

214 3053 538 3109 aequoreum
602 3040 757 3096 vobis
816 3057 924 3097 non
976 3042 1306 3109 invidemus,
1357 3043 1650 3099 dummodo
1696 3045 1828 3101 illud

217 3135 673 3203 triumphantium
704 3134 888 3200 fuerit,
923 3135 1028 3191 hoc
1060 3136 1398 3208 fugientium.
1432 3138 1690 3193 Romanae
1722 3139 1825 3195 ita-

1932 1934 2103 1990 usque
2148 1918 2212 1973 ad
2264 1918 2475 1972 Indicos
2521 1925 2762 1982 tractus,
2813 1923 2965 1969 extra
3015 1914 3201 1971 orbem
3265 1922 3530 1968 terrarum

1928 2013 2111 2083 egredi
2140 2021 2300 2082 atque
2329 2012 2557 2066 alterum
2588 2009 2776 2065 orbem
2807 2023 3072 2079 quaerere,
3108 2005 3273 2061 maris
3298 2013 3530 2069 secreta,

1929 2108 2061 2163 solis
2093 2107 2390 2175 oceanique
2415 2105 2625 2170 ultima,
2658 2111 2713 2159 et
2739 2103 2961 2158 alterius
2989 2100 3137 2155 orbis
3168 2098 3373 2153 incolas
3404 2111 3533 2152 nos-

1934 2213 2017 2256 tro
2062 2199 2290 2269 imperio
2342 2198 2658 2269 adiungere.
2691 2194 2829 2262 Quid
2859 2192 3114 2250 Antiochi
3151 2206 3411 2260 regnum,
3439 2189 3532 2259 qui

1929 2307 2026 2346 vos
2050 2291 2304 2364 gravibus
2330 2290 2612 2361 suppliciis
2644 2286 2865 2342 affecit?
2893 2285 2989 2341 .Ins
3034 2298 3250 2355 quoque
3300 2284 3473 2352 ipsum
3504 2278 3531 2317 ιι

1933 2393 2179 2456 ereptum
2213 2384 2493 2454 religionis
2526 2400 2538 2435 :
2569 2396 2668 2437 nos
2691 2379 2794 2450 ipsi
2818 2377 2970 2433 vobis
2993 2375 3310 2440 refudimus,
3333 2373 3533 2444 glorio—

1931 2480 2046 2533 sius
2095 2477 2423 2533 arbitrantes
2471 2475 2740 2543 imperare
2790 2469 3042 2540 regibus,
3095 2482 3255 2537 quam
3306 2480 3529 2536 regnum

1936 2573 2146 2627 tollere.
2179 2569 2302 2640 Ipsa
2332 2568 2492 2624 sedes
2522 2565 2864 2620 dominorum
2892 2569 3196 2615 vestrorum
3220 2557 3531 2621 Antiochia,

1932 2677 2113 2718 nonne
2142 2660 2385 2714 studiose
2414 2670 2541 2713 suos
2572 2653 2893 2724 repudiavit,
2923 2659 2975 2705 et
3007 2666 3105 2705 nos
3131 2648 3383 2705 dominos
3412 2648 3527 2704 ele-

1932 2755 2051 2825 git?
2096 2752 2205 2808 Vos
2251 2751 2356 2821 ipsi
2408 2764 2586 2804 nonne
2633 2747 2699 2802 ad
2752 2760 2851 2801 nos
2896 2742 3245 2815 confugistis,
3302 2750 3359 2796 ut
3408 2741 3531 2795 illos

1932 2844 2184 2901 dominos
2217 2840 2501 2911 fugeritis?
2528 2838 2647 2894 Non
2678 2837 2779 2907 ipsi
2817 2850 2917 2889 vos
2954 2833 3323 2903 suscepimus,
3352 2840 3407 2886 et
3437 2830 3532 2885 ad-

1932 2957 2149 2997 versum
2185 2941 2307 2994 illos
2333 2934 2711 2994 defendimus?
2743 2944 2764 2973 ο
2791 2931 3072 2988 Servimus
3103 2928 3258 2983 vobis
3282 2970 3297 2993 ,
3325 2936 3384 2982 ut
3408 2942 3534 2982 ves-

1935 3038 2032 3093 tris
2079 3035 2287 3106 legibus
2333 3030 2633 3088 viveretis:
2664 3027 2912 3082 dedimus
2968 3030 3289 3093 potestatem
3335 3019 3531 3074 vestris

1935 3132 2198 3188 inservire
2229 3126 2482 3183 cultibus.
2513 3124 2679 3179 Sacra
2711 3128 2891 3176 vestra
2921 3116 3063 3173 scire
3095 3115 3363 3170 noluimus
3387 3154 3400 3176 ,
3431 3112 3528 3167 sed

210 3243 319 3298 que
349 3226 536 3281 virtuti
563 3228 931 3284 consederunt
960 3204 1173 3285 montes
1193 3272 1207 3296 ,
1240 3245 1430 3285 amnes
1459 3240 1816 3300 exaruerunt,
1847 3222 1893 3285 C
1929 3224 2332 3283 honoravimns.
2351 3221 2544 3276 Postea
2573 3212 2945 3271 rebellandum
2968 3206 3217 3279 putastis.
3239 3204 3534 3300 Pompeius

210 3324 418 3376 amisso
448 3335 608 3377 cursu
639 3337 798 3393 quem
831 3332 1021 3377 natura
1051 3323 1363 3389 direxerat,
1397 3335 1451 3380 et
1476 3324 1677 3381 inﬂexo
1716 3341 1824 3395 quo

213 3419 459 3474 victores
497 3417 782 3488 iubebant.
813 3416 1121 3472 Conversus
1143 3417 1215 3472 sit
1242 3417 1495 3474 Iordanis
1522 3428 1702 3473 vester
1724 3460 1739 3486 ,
1768 3426 1825 3473 ut

210 3510 416 3577 dicitis,
450 3522 612 3582 atque
638 3512 694 3566 in
726 3510 930 3566 fontem
960 3513 1271 3577 reverterit,
1307 3520 1364 3567 ut
1393 3512 1547 3567 vobis
1568 3512 1671 3567 iter
1693 3528 1826 3582 pan-

213 3604 371 3660 deret
399 3623 413 3659 :
440 3621 547 3659 non
571 3618 638 3659 eo
661 3603 851 3659 Cloelia
872 3602 1114 3658 Romana
1142 3604 1294 3674 virgo
1317 3603 1483 3674 eguit,
1509 3619 1629 3673 quae
1652 3603 1825 3671 ruptis

216 3696 461 3751 vinculis
493 3697 704 3751 hostem
738 3697 934 3762 evasit,
968 3708 1023 3751 et
1053 3695 1216 3750 fluvio
1242 3695 1542 3752 decurrens
1571 3696 1827 3751 Romanis

215 3804 276 3845 sc
303 3788 494 3843 intulit
542 3787 758 3844 castris.
787 3787 897 3843 Nec
932 3788 1182 3844 incendia
1219 3799 1399 3843 vestra
1432 3790 1726 3854 miramur,
1759 3788 1827 3843 de

213 3885 416 3956 quibus
463 3883 724 3939 Hebraeos
770 3897 968 3954 pueros
1022 3884 1295 3948 evasisse,
1349 3884 1615 3938 maximos
1663 3883 1827 3937 cdere

213 3986 407 4033 cantus
436 3976 645 4031 soletis.
668 3975 875 4031 Mucius
917 3986 1100 4030 noster
1146 3976 1292 4030 nullo
1322 3984 1552 4046 cogente
1606 3991 1826 4030 manum

217 4070 462 4125 admovit
491 4068 730 4139 ignibus,
763 4082 863 4123 nec
892 4068 1145 4132 removit,
1180 4068 1354 4123 donec
1376 4068 1824 4136 victorincendii,

216 4161 542 4218 miraculum
573 4161 818 4216 hostibus
847 4162 961 4217 suis
984 4161 1295 4217 infnnderet
1317 4160 1678 4229 fortitudinis,
1705 4178 1825 4233 quae

218 4255 468 4310 flammas
502 4268 607 4308 non
638 4255 888 4309 senserit.
922 4254 1165 4324 Denique
1194 4269 1380 4324 pacem
1412 4263 1702 4324 rogarunt,
1736 4254 1826 4325 qui

220 4348 560 4418 triumphum
601 4347 913 4417 Sperabant.
950 4351 1029 4402 An
1061 4362 1191 4403 vero
1219 4348 1461 4403 coelestia
1492 4348 1580 4402 illa
1605 4362 1702 4402 vos
1727 4362 1826 4403 ex-

222 4438 649 4509 tulere'pabula,
682 4448 736 4493 et
790 4453 912 4494 esca
947 4439 1247 4509 pluviarum
1279 4439 1546 4496 adversus
1571 4439 1825 4495 virtutem

223 4534 567 4589 Romanam?
596 4533 699 4588 Sed
733 4533 1082 4589 considerare
1127 4534 1310 4589 decuit
1356 4535 1605 4591 altricem
1654 4536 1827 4605 ipsam

1926 3320 2191 3390 templum
2219 3314 2415 3385 cmpit,
2448 3312 2542 3367 sed
2571 3324 2679 3365 non
2712 3306 2877 3362 diruit
2912 3323 2925 3359 :
2972 3304 3159 3358 urbem
3209 3298 3528 3368 occupavit,

1925 3414 2020 3470 sed
2054 3413 2260 3479 integra
2294 3408 2476 3461 omnia
2496 3400 2797 3459 reservavit
2828 3397 3075 3453 donaria.
3101 3394 3206 3447 Pro
3233 3392 3455 3461 quibus,
3488 3404 3522 3445 o

1925 3506 2064 3578 grati
2097 3501 2268 3558 socii!
2305 3499 2446 3553 hanc
2488 3496 2661 3550 vicem
2692 3490 2849 3547 nobis
2880 3485 3204 3557 rependistis
3227 3526 3241 3552 ,
3269 3493 3329 3538 ut
3364 3486 3527 3537 tertio

1926 3577 2303 3655 rebellaretis?
2332 3590 2519 3648 Fuerit
2561 3588 2704 3643 Nero
2733 3581 3147 3655 despiciendus,
3183 3580 3277 3634 sed
3326 3593 3434 3634 non
3477 3577 3527 3632 in

1929 3708 2036 3747 uno
2065 3692 2306 3745 Romana
2337 3686 2509 3740 virtus
2541 3679 2950 3751 expendebatur
2990 3697 3004 3734 :
3038 3674 3133 3731 sed
3158 3672 3390 3727 habebat
3428 3670 3533 3725 mi-

1929 3786 2079 3839 litem
2110 3780 2503 3852 Vespasianum
2528 3817 2541 3841 ,
2571 3775 2660 3845 qui
2707 3774 2817 3842 jam
2847 3771 2915 3826 ad
2948 3784 3133 3840 pacem
3177 3773 3530 3821 revocaverat

1927 3875 2132 3934 Gallias
2163 3892 2176 3928 :
2211 3880 2320 3926 tam
2367 3870 2519 3924 fortis
2549 3868 2599 3921 in
2634 3864 2821 3935 praelio
2844 3906 2858 3929 ,
2890 3872 2949 3917 ut
2973 3876 3070 3932 per
3102 3859 3255 3914 illum
3288 3866 3343 3911 et
3379 3855 3525 3909 Nero

1927 3971 2198 4031 vinceret,
2231 3979 2326 4034 per
2356 3962 2507 4016 illum
2528 3958 2671 4014 Nero
2689 3965 2835 4012 esset
2860 3953 3106 4008 hostibus
3132 3946 3521 4005 formidabilis:

1933 4075 2039 4121 tam
2068 4060 2243 4116 ﬁdelis
2271 4058 2493 4114 domino
2520 4053 2751 4126 principi
2772 4095 2786 4119 ,
2822 4061 2880 4105 ut
2910 4046 3058 4102 solus
3083 4042 3369 4113 imperium
3416 4055 3524 4095 non

1929 4166 2234 4232 quaereret,
2262 4153 2405 4224 quod
2435 4152 2582 4207 solus
2608 4148 2936 4205 merebatur.
2970 4143 3078 4202 Sed
3128 4143 3340 4198 Cestius
3370 4138 3527 4232 laese-

1930 4230 2016 4308 rat
2046 4269 2059 4307 :
2088 4248 2361 4319 querelam
2416 4242 2619 4299 deferri
2661 4240 2880 4307 decuit,
2922 4253 3026 4292 non
3077 4250 3226 4290 arma
3274 4230 3523 4303 irrogari.

1932 4348 2128 4403 Missus
2153 4352 2306 4414 pater
2335 4338 2720 4409 Vespasianus,
2751 4333 2842 4403 qui
2894 4328 3219 4400 improvisus
3266 4325 3442 4395 potuit
3472 4324 3525 4377 in

1933 4442 2229 4512 imparatos
2260 4451 2319 4491 se
2363 4432 2646 4488 effundere
2679 4446 2693 4482 :
2725 4426 3000 4483 Galilaeam
3031 4420 3384 4512 circumibat,
3410 4419 3529 4473 Ion-

1931 4534 2128 4603 ginqua
2179 4526 2476 4591 exurebat,
2508 4534 2569 4580 ut
2607 4539 2702 4579 vos
2744 4522 3090 4592 deponeretis
3136 4511 3481 4573 insolentiam
3508 4550 3524 4573 ,

219 4629 373 4684 orbis
418 4637 688 4683 terrarum
736 4627 972 4682 Africam
1020 4644 1143 4685 esse
1205 4629 1504 4699 subiectam
1565 4603 1824 4683 Romana:
1847 4610 1903 4671 Ῑ)
1930 4629 2142 4680 veniam
2174 4619 2544 4693 postularetis.
2572 4615 2822 4672 Ostendit
2847 4614 3099 4668 virtutem
3120 4654 3135 4677 ,
3168 4618 3224 4665 et
3252 4622 3373 4699 cum
3405 4603 3525 4699 uui-

221 4721 545 4780 furtitudini.
581 4721 745 4778 Nobis
787 4723 989 4786 servit,
1020 4739 1139 4793 qua:
1186 4737 1377 4778 omnes
1422 4723 1517 4777 alit
1554 4740 1567 4777 :
1618 4724 1671 4777 in
1704 4737 1831 4779 nos-

225 4827 303 4871 tra
335 4823 605 4887 potestate
631 4823 715 4870 est
748 4814 918 4870 fames
949 4815 1193 4870 omnium
1215 4855 1230 4880 ,
1264 4824 1317 4870 et
1348 4816 1523 4870 victus
1551 4815 1831 4869 universo.

224 4926 366 4964 rum.
394 4907 550 4976 Quod
593 4916 784 4963 natura
828 4907 1082 4966 omnibus
1129 4906 1310 4974 dedit,
1364 4907 1536 4963 virtus
1588 4907 1830 4962 Romana

218 5002 312 5073 jus
343 5016 501 5056 suum
530 5000 674 5056 fecit.
703 5000 881 5070 Ipsum
930 4999 1249 5055 Annibalem
1294 5000 1546 5071 perculit,
1582 5004 1634 5055 in
1683 5001 1829 5056 exsi—

222 5096 471 5166 liumque
497 5094 696 5163 coegit,
728 5108 890 5164 quem
950 5109 1057 5149 non
1084 5092 1333 5162 capiebat
1361 5093 1508 5148 orbis
1539 5102 1827 5147 terrarum.

224 5188 523 5258 Angustior
550 5187 762 5242 civibus
790 5185 969 5240 Africa
1014 5186 1132 5240 fuit.
1165 5185 1279 5240 Non
1314 5186 1524 5241 idonea:
1551 5186 1616 5240 ad
1648 5184 1831 5241 demo-

228 5282 460 5338 randum
492 5281 620 5335 visat
651 5280 961 5349 Hispaniae;
993 5291 1145 5335 arcta
1174 5280 1335 5334 vianti
1379 5279 1550 5335 Gallia
1571 5322 1586 5346 ,
1619 5279 1835 5350 indigna

229 5374 383 5430 Italia
415 5371 669 5428 amicitiae
698 5369 936 5437 findere,
974 5381 1029 5424 et
1070 5369 1345 5425 societatis
1392 5369 1687 5425 consortio.
1713 5369 1839 5425 Jac-

230 5466 361 5521 tetis
410 5465 598 5531 liceat,
631 5464 775 5534 quod
808 5474 831 5500 τι
875 5461 1097 5518 ﬂumina
1150 5462 1503 5517 militaverint
1549 5462 1731 5530 vobis,
1784 5472 1840 5519 et

234 5556 495 5614 cwlestes
545 5563 843 5627 potestates
898 5553 1256 5625 pugnaverint
1301 5572 1312 5606 :
1362 5567 1462 5607 nos
1510 5552 1834 5608 Annibalem

312 5729 339 5757 η
382 5715 727 5772 Fulmina...
775 5711 1098 5785 fulminibus.
1155 5710 1324 5785 Burin.
1355 5736 1453 5785 __--
1515 5708 1835 5785 Huiusmodi

240 5789 517 5848 restitutio
538 5803 726 5857 panum
749 5777 1117 5841 consentanea
1140 5782 1297 5837 nobis
1319 5779 1555 5836 videtur.
1570 5777 1846 5837 Gaetuli.

1935 4731 2122 4772 versos
2152 4714 2365 4768 clausos
2396 4718 2630 4771 teneret,
2662 4708 2957 4779 ASgyptum
2988 4703 3161 4776 petiit,
3193 4707 3254 4757 ut
3282 4695 3525 4754 inducias

1934 4805 2294 4880 resipiscendi
2324 4805 2498 4860 daret.
2530 4802 2916 4858 lnsolentiores
2942 4815 3040 4855 vos
3071 4806 3255 4854 nostra
3282 4789 3527 4848 absentia

1934 4904 2085 4969 fecit,
2117 4902 2241 4972 quia
2272 4914 2370 4954 nos
2395 4907 2686 4968 occupatos
2710 4902 2963 4966 putastis.
2997 4891 3103 4950 Sed
3137 4901 3431 4959 numquam
3456 4885 3529 4939 ita

1935 4994 2183 5065 occupati
2230 5006 2454 5059 sumus,
2484 4999 2543 5044 ut
2567 4990 2820 5043 absentes
2868 4987 3040 5042 simus
3080 4983 3197 5038 orbi
3238 4991 3527 5037 terrarum.

1938 5090 2070 5146 Nam
2102 5100 2158 5143 et
2182 5088 2436 5142 absentes
2477 5083 2733 5139 adsumus
2754 5125 2769 5148 ,
2803 5090 2860 5137 et
2887 5081 3045 5151 longe
3073 5078 3268 5150 positis
3311 5077 3538 5149 propius

1940 5181 2265 5238 assistimus.
2318 5178 2560 5247 Namque
2610 5184 2668 5230 ut
2734 5188 2913 5228 amma
2964 5182 3017 5226 tn
3067 5186 3299 5241 corpore
3355 5169 3536 5227 omnia

1941 5274 2185 5330 membra
2226 5271 2470 5326 vivificat
2497 5283 2594 5324 sua
2617 5308 2631 5333 ,
2665 5267 2744 5321 sic
2773 5267 3015 5322 Romana
3053 5264 3395 5337 providentia
3422 5277 3539 5318 om-

1941 5370 2102 5425 nibus
2147 5368 2359 5439 imperii
2403 5368 2487 5423 sui
2539 5365 2783 5438 partibus
2830 5366 3014 5433 adest,
3045 5373 3101 5419 et
3148 5370 3316 5416 totum
3351 5360 3540 5416 orbem

1941 5465 2243 5519 Romanum
2272 5504 2285 5527 ,
2322 5471 2595 5534 tamquam
2623 5478 2866 5533 praesens
2890 5460 3174 5533 gubernat.
3204 5456 3337 5512 Nam
3363 5455 3408 5510 si
3430 5454 3544 5509 sin-

1942 5556 2081 5627 gulis
2105 5553 2301 5608 animis
2344 5555 2434 5609 illa
2481 5557 2566 5612 vis
2614 5554 2794 5611 divina
2824 5553 3045 5626 regendi
3089 5547 3335 5621 corporis
3374 5546 3551 5635 virtu-

2017 5708 2046 5746 ι’
2078 5707 2308 5776 Eripuit.
2344 5711 2510 5765 BARR.

2035 5791 2056 5820 ε
2088 5779 2434 5835 Servavimus.
2465 5783 2541 5838 In.
