3948 6350
373 266 519 325 2195

1718 262 1965 320 SANCTI
2006 261 2331 318 AMBROSII

3532 268 3680 323 2196

370 392 477 437 tem
506 380 655 437 dedit
679 396 694 447 ;
727 388 931 452 quanto
955 381 1126 450 magis
1150 379 1400 436 Romano
1431 380 1603 452 vigori
1629 423 1643 449 ,
1676 395 1784 450 quo
1813 379 1969 451 quasi
1995 379 2050 439 Α
2074 390 2267 448 captus
2293 378 2551 447 prodidit,
2581 378 2839 448 fugitivus
2867 378 3267 438 delione~tavit.
3297 383 3352 438 Id
3385 382 3460 439 illi
3486 384 3677 455 majori

374 492 542 531 unum
575 476 738 531 totius
763 476 975 546 imperii
1009 476 1175 529 nostri
1223 491 1420 546 corpus
1450 477 1721 531 animatur
1742 517 1756 541 ,
1788 474 1974 530 tuendi

372 570 492 639 ejus
522 570 740 625 vitalem
783 568 1071 639 quamdam
1101 568 1456 624 substantiam
1498 567 1971 625 subministravit!

372 664 707 734 Suspensum
740 664 920 734 itaque
948 661 1144 717 bellum
1168 678 1265 717 vos
1292 666 1600 733 reparastis.
1628 661 1977 718 Profecturus

379 757 562 828 itaque
589 763 742 828 pater
766 756 833 810 ad
866 756 1052 812 urbem
1084 755 1311 811 Romam
1337 799 1353 825 ,
1384 774 1413 812 a
1440 759 1685 829 tyrannis
1714 758 1982 828 recipien-

376 849 525 914 dam,
560 864 646 903 me
681 862 709 901 a
737 864 831 903 sua
863 849 1044 903 divisit
1073 848 1365 916 societate,
1399 866 1467 906 ne
1490 850 1643 905 vobis
1700 865 1815 906 sua:
1871 850 1979 919 pie«

376 941 502 995 tatis
541 950 831 995 exsecutor
859 940 1094 996 deesset.
1131 939 1267 995 Veni
1291 941 1357 996 ad
1401 941 1601 997 bellum
1639 941 1820 1013 specie
1870 949 1982 995 ter-

376 1034 580 1102 rentis,
621 1032 817 1090 atiectu
857 1034 1120 1105 rogantis.
1147 1033 1371 1103 Quoties
1419 1050 1448 1089 a
1491 1034 1762 1090 mmnibus
1788 1032 1986 1088 vestris

378 1126 567 1182 vocavi
641 1127 983 1182 exercitum!
1036 1126 1261 1194 Quoties
1308 1137 1493 1197 postea
1542 1141 1571 1179 a
1619 1123 1988 1195 penetralibus

383 1217 572 1290 templi
620 1217 861 1272 retraxi!
894 1216 1120 1285 Quoties
1166 1218 1393 1272 restinxi
1445 1217 1724 1272 incendia!
1764 1214 1989 1283 Quoties

383 1312 609 1365 monui!
660 1309 768 1367 Sed
818 1325 1108 1380 numquam
1136 1310 1383 1365 audistis.
1437 1309 1589 1366 Nunc
1636 1324 1722 1364 me
1768 1308 1989 1363 demum

381 1405 605 1475 rogatis,
638 1403 793 1475 quasi
809 1403 923 1474 jam
947 1402 1239 1474 quidquam
1263 1404 1523 1472 supersit,
1547 1404 1707 1474 quale
1724 1403 1833 1472 jam
1858 1418 1994 1458 con-

384 1508 656 1568 sumptum
686 1506 790 1565 est,
820 1506 873 1552 et
900 1506 1080 1553 tamen
1108 1512 1139 1551 a
1165 1497 1338 1565 easde,
1372 1497 1655 1564 incendio,
1689 1496 1993 1568 direptione

381 1587 555 1644 exemi
584 1587 831 1643 militem.
867 1587 1005 1656 Quid
1054 1586 1417 1645 desideratis?
1447 1588 1574 1658 quid
1620 1587 1797 1643 adhuc
1836 1587 1994 1641 statis

388 1683 580 1737 armati
612 1682 766 1751 quasi
815 1681 992 1737 daturi
1031 1681 1209 1750 leges,
1242 1696 1350 1736 non
1394 1682 1708 1753 accepturi?
1736 1680 1792 1736 Si
1837 1679 1996 1735 dedi-

2079 471 2349 541 supplicio
2401 470 2549 525 fuit:
2588 472 2728 542 apud
2776 471 2924 527 viros
2972 473 3117 528 enim
3166 476 3418 545 graviora
3474 477 3683 531 militia:

2079 569 2299 639 probra,
2334 584 2493 637 quam
2541 567 2731 621 mortis
2783 568 3005 622 vulnera
3050 577 3194 623 sunt.
3226 568 3449 639 Repulsi
3497 578 3680 625 tamen

2083 663 2229 717 illico
2257 662 2454 729 Judaei,
2479 662 2545 717 ad
2578 664 2853 732 superiora
2882 664 3033 718 urbis
3072 679 3131 718 se
3161 665 3458 728 contulere.
3494 667 3683 721 relicta

2084 754 2272 825 templi
2312 766 2364 810 et
2399 756 2547 810 urbis
2598 755 2936 810 defensioue.
2973 759 3193 825 Strages
3242 773 3438 829 magna
3485 759 3541 813 in
3584 774 3684 816 eos

2084 848 2177 918 qui
2210 847 2530 903 resederunt
2565 848 2948 912 exercebatur,
2990 848 3351 905 seminecibus
3390 862 3572 904 autem
3596 866 3690 905 ca-

2087 940 2377 996 daveribus
2406 940 2627 1010 repletae
2668 940 2789 995 viae.
2823 940 3197 997 JussitCmsar
3227 943 3389 997 etiam
3424 943 3491 997 ad
3527 958 3692 1012 supe—

2090 1048 2233 1088 riora
2282 1032 2560 1088 admoveri
2593 1032 2911 1088 machinas:
2941 1035 3084 1104 quod
3135 1034 3384 1090 videntes
3427 1035 3684 1102 Idumaei,

2092 1125 2378 1193 elegerunt
2406 1122 2552 1179 virus
2588 1139 2725 1194 quos
2754 1125 2822 1179 ad
2854 1124 3033 1179 Titum
3081 1126 3385 1193 mitterent,
3418 1126 3508 1196 qui
3541 1125 3693 1181 dedi-

2093 1217 2296 1272 tionem
2349 1225 2618 1288 rogarent.
2680 1217 2760 1272 Eo
2802 1221 3042 1289 cognito,
3075 1218 3262 1273 Simon
3313 1217 3599 1288 prazvenit,
3634 1228 3694 1274 et

2095 1311 2305 1365 electos
2330 1308 2552 1380 quidem
2588 1310 2836 1378 petendae
2876 1310 3170 1365 deditionis
3204 1311 3353 1366 viros
3382 1309 3690 1380 intercepit.

2096 1402 2204 1459 Sed
2232 1401 2453 1458 Idumaei
2476 1420 2583 1459 non
2609 1404 2778 1460 multo
2806 1412 2946 1474 post,
2970 1402 3217 1474 quamvis
3255 1402 3507 1459 destituti
3534 1403 3691 1472 adju-

2098 1505 2284 1552 mento
2314 1496 2642 1567 principum,
2671 1512 2792 1552 cum
2819 1498 3091 1552 sustinere
3121 1496 3328 1551 diutius
3366 1496 3479 1551 vim
3508 1498 3697 1566 nequi-

2097 1600 2218 1646 rent
2263 1591 2599 1647 tradiderunt
2637 1606 2698 1646 se
2743 1590 3005 1646 exercitui
3040 1589 3302 1645 Romano.
3332 1589 3410 1645 Ita
3461 1589 3694 1660 primum

2101 1689 2293 1753 tantes,
2328 1693 2383 1739 et
2412 1683 2479 1738 ad
2512 1693 2848 1753 poStremum
2889 1682 3201 1753 desperatio
3242 1681 3555 1748 resistendi,
3602 1681 3699 1737 de-

393 1775 597 1831 tionem
632 1774 850 1845 petitis,
878 1774 1135 1844 deponite
1176 1790 1362 1841 arma,
1390 1775 1500 1843 jam
1551 1790 1656 1830 non
1705 1772 1993 1830 metuenda
2025 1800 2074 1860 Β
2099 1777 2358 1833 ditionem
2410 1777 2664 1846 patravit.
2719 1773 2831 1829 Nec
2879 1774 3132 1839 Romani,
3170 1774 3338 1828 multa
3391 1773 3540 1828 caede
3582 1772 3695 1842 jam

385 1868 718 1933 victoribus,
748 1867 843 1923 sed
870 1869 1101 1938 superba
1145 1867 1332 1936 victis,
1358 1879 1412 1923 et
1442 1868 1599 1938 plena
1643 1868 1943 1923 insolentiae
1977 1883 1989 1920 :

388 1969 447 2014 ut
488 1959 683 2015 armati
729 1959 965 2031 rogetis;
1012 1959 1166 2032 quasi
1213 1962 1282 2016 de
1341 1960 1447 2016 ﬁde
1513 1970 1697 2016 nostra
1737 1960 1994 2016 dubitan-

391 2053 517 2107 dum
559 2053 713 2108 vobis
753 2055 858 2119 sit,
886 2064 981 2108 aut
1018 2052 1196 2111 adhuc
1239 2056 1492 2109 virtutem
1537 2054 1803 2111 lacessitis
1828 2094 1844 2121 ,
1883 2053 1996 2109 bel-

393 2149 504 2202 lum
551 2147 861 2202 minantes?
907 2147 1146 2218 Populus
1205 2150 1505 2204 exstinctus
1568 2157 1687 2217 est,
1735 2146 1997 2218 templum

392 2241 573 2306 ardet,
613 2241 801 2296 urbem
854 2250 1121 2297 tenemus.
1171 2243 1310 2309 Quid
1357 2243 1548 2313 reliqtti
1582 2242 1846 2312 Speratis,
1896 2241 1997 2297 nisi

398 2342 456 2388 ut
481 2334 589 2388 vita
637 2333 793 2388 vobis
840 2332 1114 2388 donetur?
1157 2333 1393 2389 Proinde
1436 2336 1618 2405 ponite
1657 2349 1807 2389 arma
1846 2334 2001 2404 quasi

397 2428 566 2494 victi;
609 2427 797 2482 vivere
837 2427 992 2481 vobis
1036 2426 1289 2492 donabo,
1330 2427 1436 2482 etsi
1493 2441 1599 2483 non
1651 2425 2000 2494 mereamini,

400 2521 530 2592 quia
577 2520 824 2576 noluistis
871 2535 994 2591 qua:
1039 2532 1218 2576 vestra
1244 2530 1371 2575 sunt
1400 2528 1425 2556 ει
1460 2519 1613 2576 vobis
1654 2533 2003 2576 conservare.

400 2614 551 2670 Tunc
581 2613 660 2669 illi
707 2623 893 2683 petere
938 2621 1257 2683 etepernnt,
1291 2622 1348 2668 ut
1378 2613 1480 2668 sibi
1528 2613 1807 2668 obstrictis
1827 2625 2011 2666 sacra-

403 2717 626 2774 mento,
677 2724 744 2763 ne
788 2722 1042 2777 umquam
1084 2723 1144 2762 se
1187 2707 1448 2763 Romanis
1491 2706 1807 2771 traderent,
1857 2718 2012 2775 egre-

402 2802 586 2858 diendi
632 2818 727 2871 per
769 2818 983 2857 murum
1034 2810 1358 2871 potestatem
1383 2801 1572 2866 daret,
1618 2814 1872 2872 quocum
1900 2800 2015 2855 suis

405 2896 623 2952 familiis
658 2897 711 2951 in
739 2896 1013 2952 desertum
1045 2905 1367 2965 pergerent,
1398 2897 1589 2951 urbem
1621 2896 1878 2949 ltomanis
1924 2908 2015 2948 ce-

406 2993 621 3047 dentes.
656 2991 733 3045 Eo
760 2991 1086 3045 commotior
1109 2990 1263 3044 Titus
1288 3005 1304 3044 :
1332 2989 1569 3043 etiamne
1590 3030 1606 3056 ,
1657 2987 1852 3057 inquit,
1879 3002 2014 3041 con-

409 3086 642 3140 ditiones
668 3084 824 3139 nobis
854 3083 1175 3154 imperatis?
1200 3082 1340 3151 Quin
1385 3084 1562 3153 potius
1601 3082 1881 3137 defensate
1923 3095 2019 3150 pa-

2103 1872 2253 1939 fessi,
2288 1871 2601 1927 abnuebant
2627 1870 2750 1925 vitae
2778 1869 3201 1939 indulgentiam;
3246 1878 3302 1922 et
3345 1866 3529 1922 studio
3569 1882 3696 1938 cap-

2102 1967 2210 2022 tiva
2242 1965 2507 2034 mancipia
2542 1962 2834 2029 vendendi,
2868 1965 3229 2033 promptiores
3250 1969 3411 2018 erant
3427 1960 3495 2015 ad
3524 1976 3703 2016 reser-

2104 2057 2333 2113 vandam
2372 2057 2626 2113 salutem.
2655 2056 2881 2112 Plurimi
2904 2057 3144 2123 venales,
3176 2054 3272 2110 sed
3302 2055 3456 2125 pauci
3487 2063 3705 2124 empto-

2105 2168 2238 2208 res:
2289 2153 2413 2221 quia
2460 2151 2692 2206 Romani
2746 2149 2950 2206 habere
2999 2149 3053 2203 in
3107 2148 3429 2203 servitutem
3479 2146 3701 2202 .lndacos

2104 2244 2541 2315 dedignabantur
2571 2262 2584 2297 :
2620 2258 2720 2299 nec
2748 2242 2921 2299 Jndtei
2972 2250 3296 2313 supererant
3336 2241 3429 2311 qui
3475 2240 3710 2296 redime.

2111 2350 2231 2396 rent
2263 2352 2416 2404 suos,
2448 2352 2571 2392 cum
2603 2350 2662 2391 se
2690 2337 2931 2391 evasisse
2959 2335 3332 2403 unusquisque
3368 2332 3454 2387 vel
3493 2334 3707 2402 inopem

2110 2434 2494 2505 gratularetur.
2556 2431 2761 2486 Passim
2823 2431 3004 2500 itaque
3052 2444 3111 2483 se
3161 2427 3452 2483 tradebant
3502 2435 3711 2482 remoto

2115 2535 2301 2593 metu,
2352 2526 2608 2597 quoniam
2664 2524 2905 2578 latrones
2954 2521 3204 2587 aberant,
3248 2519 3478 2574 Romani
3533 2519 3716 2589 ignos—

2115 2621 2332 2676 cebant.

2652 2709 2883 2768 CAPUT
2923 2708 3156 2765 XLVIII.

2190 2809 2434 2879 Denique
2459 2819 2514 2862 et
2550 2805 2711 2861 Jesus
2759 2819 2899 2860 unus
2940 2819 3008 2858 ex
3055 2800 3450 2866 sacerdotibus,
3481 2799 3721 2855 Titebuti

2121 2903 2266 2958 illius
2296 2917 2355 2955 sc
2382 2898 2611 2966 dedidit,
2640 2908 2695 2954 et
2736 2915 2859 2953 vasa
2910 2896 3333 2953 sacerdotalium
3382 2894 3720 2949 ministeriu-

2123 3013 2263 3062 rum,
2320 2996 2573 3050 lucernas
2619 2992 2773 3052 duas.
2810 3006 3047 3057 mensas,
3092 3002 3354 3053 crateras,
3398 2986 3609 3058 phialas
3665 2995 3727 3041 et

2124 3092 2303 3145 tunnia
2356 3104 2480 3143 vasa
2532 3102 2693 3142 aurea
2719 3129 2731 3151 ,
2782 3085 2876 3140 sed
2907 3096 2959 3139 et
2990 3086 3432 3154 peripetasmata,
3466 3088 3520 3135 et
3566 3080 3729 3135 indu-

410 3180 589 3240 triam.
610 3178 858 3232 adeStote
876 3176 1098 3245 templo,
1117 3175 1781 3245 omnivirtuteinsurgite,
1805 3183 2020 3228 servate
2045 3194 2091 3256 ρ
2128 3194 2306 3239 meum
2336 3182 2636 3253 principum
2669 3178 2982 3241 sacerdotii,
3022 3194 3145 3232 cum
3174 3176 3468 3245 lapidibus,
3493 3183 3727 3245 accepta

411 3281 810 3327 sz’tcramenlum
858 3271 1085 3331 mortis,
1125 3268 1341 3339 quando
1388 3269 1510 3323 vita:
1564 3267 1906 3339 t'epudiastis.
1954 3268 2018 3320 lit

415 3364 572 3419 simul
596 3364 751 3435 jubet
797 3365 1083 3433 insurgere
1114 3363 1385 3417 Romanos
1429 3362 1480 3415 in
1520 3376 1710 3416 necem
1757 3361 2014 3415 hostium.

418 3457 640 3511 Plurimi
668 3469 885 3523 coepere
921 3455 1174 3522 graviore
1220 3455 1486 3507 victorum
1533 3451 1903 3521 indignatione
1946 3450 2017 3503 la-

418 3547 677 3602 befactari
710 3563 725 3601 :
761 3546 1099 3601 tradiderunt
1147 3561 1206 3600 se
1235 3556 1412 3600 tamen
1445 3545 1594 3599 Zarat:
1627 3545 1768 3614 regis
1800 3542 1894 3596 ﬁlii
1917 3584 1931 3610 ,
1967 3555 2022 3597 et

418 3641 613 3694 fratres
640 3637 793 3709 ejus,
838 3651 887 3695 et
937 3636 1152 3706 plurimi
1199 3651 1323 3691 cum
1376 3636 1507 3706 ipsis
1572 3634 1641 3689 de
1689 3633 1865 3704 plebe.
1915 3633 2023 3688 Nec

420 3731 598 3797 Titus,
626 3729 872 3798 quamvis
896 3728 1161 3783 excitatus
1192 3727 1256 3781 ad
1290 3726 1649 3791 iracundiam,
1685 3725 2022 3796 propositum

422 3839 580 3879 suum
612 3820 1035 3877 solvitcontuitu
1065 3820 1262 3890 regalis
1288 3818 1506 3889 fastigii,
1538 3818 1632 3874 sed
1665 3817 1873 3888 recepit
1896 3834 2027 3872 con-

422 3914 740 3985 fugientes:
775 3912 945 3968 solius
992 3921 1197 3966 tantum
1253 3910 1466 3980 pietatis
1513 3907 1687 3981 (quod
1732 3908 2027 3964 maximum

424 4006 528 4080 εει)
559 4008 763 4065 lucrum
788 4005 934 4062 fecit.
963 4005 1097 4061 Nam
1126 4004 1362 4076 prmdatn
1385 4019 1600 4061 omnem
1642 4002 1837 4058 domus
1866 4004 2030 4071 regis:

425 4102 709 4160 seditionis
737 4106 989 4155 auctores
1027 4096 1336 4166 diripuere,
1370 4103 1427 4150 ut
1455 4094 1586 4150 nihil
1613 4111 1679 4149 ex
1719 4110 1781 4150 ea
1823 4092 1887 4149 ad
1915 4092 2028 4148 Ro-

431 4210 621 4252 manos
649 4193 974 4265 perveniret.

988 4303 1219 4362 CAPUT
1259 4303 1470 4361 XLVII.

506 4401 678 4458 Simul
720 4410 900 4457 autem
936 4410 995 4455 ut
1040 4398 1186 4455 facto
1225 4399 1455 4469 impetu,
1490 4398 1544 4454 in
1573 4398 1753 4454 aulam
1785 4397 2029 4465 irruere,

439 4498 579 4554 duos
605 4495 674 4551 de
710 4494 972 4550 Romanis
1010 4492 1277 4548 militibus
1312 4490 1663 4557 invadentes,
1719 4506 1884 4546 unum
1943 4505 2037 4561 pe-

2126 3276 2230 3330 fide
2273 3274 2485 3340 salutis,
2533 3273 2723 3327 volens
2769 3271 3009 3326 tradidit.
3061 3268 3507 3339 comprehensus
3555 3268 3727 3321 etiam

2127 3369 2362 3424 Pbinecs
2390 3377 2573 3421 custos
2606 3363 2975 3435 gazapltylaeii
3014 3362 3417 3417 demonstravit
3464 3359 3727 3413 sacerdo-

2133 3469 2245 3514 tum
2281 3473 2575 3529 purpuram
2602 3455 2849 3519 multam,
2872 3461 2929 3509 et
2957 3468 3198 3518 coccum,
3230 3460 3287 3507 et
3308 3452 3411 3506 alia
3443 3451 3731 3519 complura

2127 3568 2249 3623 quae
2287 3551 2355 3605 ad
2386 3566 2543 3604 usum
2574 3549 3015 3603 reservabantur.
3044 3545 3178 3599 Cum
3208 3544 3403 3612 quibus
3445 3544 3738 3596 cinnamo-

2131 3661 2296 3707 mum,
2316 3652 2369 3698 et
2391 3643 2614 3707 casiam,
2643 3651 2698 3695 et
2721 3649 2960 3695 aromata
2992 3637 3247 3709 plurima,
3271 3646 3326 3690 et
3348 3634 3733 3707 tltymiamata,

2132 3754 2253 3792 vasa
2277 3750 2490 3807 quoque
2526 3742 2989 3788 sacramentorum
3017 3729 3181 3784 multa
3215 3745 3228 3782 :
3259 3726 3422 3782 etiam
3456 3725 3573 3796 ipse
3618 3732 3735 3776 tia-

2128 3829 2263 3887 didit
2299 3836 2356 3883 et
2382 3835 2590 3882 vestem
2629 3833 2932 3891 sacratam,
2963 3823 3057 3878 sed
3101 3831 3321 3878 coaetus
3361 3830 3529 3884 metu,
3584 3818 3739 3872 unde

2130 3933 2186 3978 et
2234 3918 2505 3976 veniabile
2534 3917 2678 3988 apud
2721 3933 2850 3971 suos
2884 3915 3144 3985 ﬂagitium
3184 3912 3285 3968 fuit
3317 3930 3331 3967 :
3366 3923 3568 3976 tamen,
3623 3907 3739 3964 etsi

2132 4014 2384 4069 voluntas
2409 4011 2600 4075 defuit,
2627 4010 2823 4065 deesse
2852 4008 3024 4062 virtus
3056 4022 3162 4063 non
3194 4004 3402 4060 debuit.
3434 4003 3587 4058 Licet
3614 4002 3739 4072 plc-

2132 4121 2363 4177 rumque
2392 4103 2640 4161 severius
2674 4103 3003 4173 iudicemus,
3032 4115 3193 4170 quam
3220 4112 3529 4169 pratcavere
3557 4098 3738 4165 possi-

2132 4215 2276 4268 mus,
2307 4200 2353 4254 si
2395 4200 2496 4270 ipsi
2530 4198 2583 4252 in
2618 4195 2713 4251 tali
2756 4211 3043 4252 versemur
3086 4193 3436 4260 necessitate,
3483 4190 3742 4260 refugere

2131 4302 2318 4349 tamen
2339 4290 2601 4347 debemus
2630 4299 2653 4328 ο
2687 4287 2813 4344 furti
2843 4288 3232 4353 ministerium,
3250 4294 3304 4341 et
3323 4283 3590 4355 judicium
3607 4296 3743 4353 pro-

2135 4387 2380 4445 ditionis.

2702 4474 2932 4533 CAPUT
2973 4473 3163 4530 XLIX.

442 4589 643 4645 destris
665 4587 872 4642 militia:
904 4588 1078 4643 virum
1111 4584 1555 4640 trucidaverunt:
1590 4598 1757 4654 eques
1786 4598 1915 4639 vero
1937 4597 2032 4650 po-
2061 4582 2115 4643 D
2210 4576 2435 4646 Jamque
2481 4574 2891 4629 insurrexerunt
2919 4585 3169 4641 aggeres,
3211 4567 3308 4623 sed
3335 4577 3389 4621 et
3431 4565 3596 4621 ferire
3622 4577 3749 4619 cce-

441 4684 613 4749 poscit
639 4695 699 4735 se
722 4679 786 4734 ad
822 4677 1101 4737 Simonem
1128 4676 1275 4742 duci,
1309 4677 1549 4746 allegatis
1576 4692 1636 4730 se
1668 4675 2031 4745 babere,qute

439 4781 742 4829 memorato
767 4772 1068 4826 insinuaret
1104 4770 1332 4839 principi
1376 4768 1728 4825 seditionum.
1761 4768 1867 4824 Sed
1914 4783 2037 4839 per-

438 4868 634 4922 ductus
660 4864 727 4920 ad
756 4879 902 4930 eum,
930 4878 1053 4919 cum
1083 4878 1220 4918 vana
1244 4861 1492 4933 quaedam
1519 4869 1809 4926 attexeret,
1841 4861 2035 4932 perimi

434 4963 663 5033 jussus:
703 4960 832 5014 dum
885 4971 1175 5029 percussnr
1224 4966 1491 5023 moratur,
1525 4957 1726 5012 clausis
1768 4957 1878 5024 jam
1929 4953 2039 5009 fas-

438 5056 578 5111 ciola
606 5053 802 5118 oculis,
847 5067 971 5109 sese
998 5050 1266 5121 proripuit
1305 5050 1373 5105 ad
1399 5049 1698 5105 Romanos.
1731 5048 1834 5116 Qui
1862 5047 2036 5103 comi-

443 5163 545 5203 nus
566 5147 881 5217 praeliantes
922 5158 1215 5213 suscepere
1246 5142 1571 5213 fugientem,
1606 5140 2040 5211 perductumque

442 5239 511 5294 ad
543 5252 667 5295 sese
690 5237 846 5293 Titus
871 5237 1024 5307 quasi
1062 5234 1340 5306 indignum
1370 5232 1398 5272 ι)
1431 5234 1607 5291 videri
1628 5243 1825 5297 morte,
1849 5232 1940 5303 qui
1973 5231 2042 5289 ab

446 5331 604 5386 hoste
651 5331 810 5386 vivus
859 5328 1099 5399 potuerit
1143 5328 1288 5397 capi,
1326 5335 1549 5383 exutum
1576 5328 1746 5381 armis
1769 5325 1933 5395 jussit
1962 5323 2044 5381 di-

441 5424 581 5479 mitti
614 5440 624 5452 ·
655 5436 943 5478 reservans
982 5419 1034 5475 ei
1075 5419 1218 5491 quod
1269 5434 1365 5489 per
1411 5419 1588 5474 bostis
1632 5419 1898 5489 ignaviam
1932 5432 2038 5474 non

435 5518 718 5583 amiserat,
747 5523 803 5571 et
847 5514 1105 5569 auferens
1152 5512 1366 5567 militia:
1415 5519 1842 5578 sacramentum,
1891 5509 2036 5582 quod

515 5638 541 5667 ιι
578 5626 855 5683 Vobiscum
876 5640 1096 5680 servare.
1129 5624 1299 5680 ΒΑΜ.

512 5696 541 5736 ι»
601 5697 727 5751 Viri.
753 5697 829 5753 ln.

516 5776 537 5807 ε
580 5765 752 5822 Facti.
785 5766 917 5825 Mox
943 5764 1192 5820 indicium
1224 5779 1323 5838 pro
1343 5765 1623 5836 judicium.
1656 5765 1731 5835 In.

2141 4680 2332 4742 perant
2364 4668 2565 4723 arietes
2603 4683 2814 4722 murum
2845 4666 3181 4736 superiorem
3209 4662 3439 4733 septima
3467 4659 3558 4715 die
3585 4671 3749 4712 meti-

2141 4763 2239 4829 sis,
2270 4778 2429 4833 quem
2459 4757 2487 4797 ἀ
2510 4760 2869 4829 Gorpiensem
2914 4764 3266 4827 nuncupant:
3293 4761 3513 4809 ventum
3550 4751 3613 4806 ad
3643 4766 3747 4806 sit-

2142 4873 2411 4930 premam.
2443 4854 2767 4911 Conturbati
2791 4863 2844 4906 et
2869 4852 3144 4921 perterriti
3175 4849 3274 4919 ipsi
3306 4862 3524 4918 quoque
3549 4844 3751 4900 laetio-

2144 4967 2273 5007 num
2302 4948 2708 5020 principes,qui
2738 4946 2791 5001 in
2823 4943 3083 5000 extremis
3104 4940 3439 4996 insultabant
3458 4938 3747 5011 periculis,

2142 5040 2371 5113 genibus
2413 5039 2751 5109 singulorum
2799 5034 3252 5096 advolvebamur,
3296 5046 3457 5099 opem
3496 5039 3745 5087 orantes.

2138 5134 2381 5190 Cernere
2402 5142 2541 5199 erat,
2569 5148 2731 5203 quam
2769 5128 3096 5185 miserabilis
3127 5129 3220 5182 illa
3248 5125 3480 5180 mutatio
3512 5124 3646 5179 foret
3673 5140 3745 5179 ex

2143 5228 2235 5282 illo
2272 5226 2499 5282 terribili
2526 5240 2590 5278 ac
2629 5223 2866 5291 superbo
2896 5220 3115 5290 fastigio
3148 5220 3200 5273 in
3229 5217 3371 5272 banc
3401 5216 3662 5271 humilem
3694 5224 3749 5271 et

2141 5321 2407 5391 plebeiam
2438 5316 2825 5387 dejectionem,
2853 5315 2903 5367 in
2936 5313 3226 5384 lacrymas,
3246 5309 3429 5375 fletus,
3463 5322 3743 5379 pavorem.

2138 5414 2381 5471 Necdum
2433 5420 2680 5468 cesserat
2721 5425 2909 5465 murus
2942 5406 3092 5463 urbis
3137 5404 3465 5476 superioris,
3508 5404 3622 5473 jam
3669 5401 3744 5456 illi

2140 5505 2532 5579 percursabant
2579 5502 2845 5573 singulos,
2881 5500 3014 5555 nihil
3048 5512 3341 5567 superesse
3387 5494 3637 5567 prtesidii
3668 5494 3747 5547 in-

2220 5626 2246 5664 d
2287 5629 2371 5684 Al.
2406 5623 2733 5694 Gorpiwum,
2764 5621 2858 5693 qui
2885 5619 3206 5690 September
3252 5616 3411 5679 nobis
3444 5612 3664 5681 dicitur,
3697 5617 3748 5673 ut

2151 5694 2345 5758 Suidas
2375 5702 2553 5754 docet.
2588 5699 2659 5756 In.
