3948 6342
216 300 391 356 2197

1112 299 1384 357 HISTOR.
1433 300 1518 356 DE
1563 298 1844 358 EXCIDIO
1886 300 2157 359 HIEROS.
2203 303 2404 361 URBIS
2442 305 2572 361 LIB.
2616 306 2683 361 Ὗ.

3403 312 3546 370 2198

214 415 629 485 gemiscentes,
672 414 885 470 hostem
915 416 1221 487 ingressum
1260 416 1683 472 arbitrabantur.
1716 416 1837 472 Ple-
1864 422 1913 480 Α
1945 433 2011 472 an
2036 415 2065 455 ι)
2086 414 2402 474 defensione
2424 419 2713 488 incertum,
2743 429 2803 476 ut
2824 431 3066 478 reserata
3094 433 3272 494 porta,
3299 430 3542 496 eruptio-

214 507 401 577 rique
430 517 706 578 tamquam
733 509 845 578 jam
877 509 947 564 de
965 509 1341 579 superioribus
1373 515 1697 579 pugnantes,
1728 509 1839 565 Bo-

214 616 433 658 manos
483 601 669 657 videre
723 602 828 657 sibi
886 601 1215 657 videbantur
1266 621 1279 655 :
1328 601 1472 670 quod
1526 601 1840 657 metuebant

216 697 445 760 animo,
481 697 657 751 oculis
688 696 1133 765 praeligttrabant,
1167 707 1223 751 et
1248 697 1450 751 utentis
1480 711 1646 765 pavor
1673 694 1837 751 ﬁebat

215 787 418 858 imago
443 789 616 843 visus.
648 788 894 859 Denique
924 804 1025 859 pro
1050 798 1204 843 certo
1223 788 1336 858 jam
1368 787 1578 843 hostem
1608 789 1837 843 cervici-

212 880 337 936 bus
387 883 501 936 suis
540 881 859 937 incumbere
898 883 1214 950 credentes,
1258 883 1455 952 quibus
1492 883 1671 938 adhuc
1720 894 1834 938 tres

215 983 436 1041 turres,
467 976 766 1030 Mariamne
799 986 855 1030 et
892 975 1156 1032 Phaselus
1198 984 1253 1030 et
1285 975 1570 1046 Equestris
1606 990 1830 1046 supere-

212 1077 381 1134 rant,
435 1070 650 1124 creteris
701 1068 995 1124 validiores
1039 1087 1052 1125 :
1103 1069 1461 1125 deseruerunt
1510 1071 1827 1140 superiora,

212 1162 614 1233 confugientes
652 1161 720 1219 ad
750 1162 994 1234 hypogea
1024 1165 1105 1219 vel
1141 1173 1385 1218 retrusos
1414 1179 1633 1234 specus.
1665 1163 1832 1220 Joan-

212 1269 333 1310 nes
371 1263 552 1310 tamen
586 1270 693 1310 non
724 1256 895 1310 multo
919 1268 1037 1326 post
1064 1255 1204 1311 fame
1230 1255 1445 1311 tabidus
1475 1268 1528 1313 et
1555 1260 1830 1312 confectus

206 1346 460 1417 jejunio,
493 1347 712 1403 tradidit
740 1364 801 1404 se
821 1349 1050 1413 Cmsari,
1085 1348 1177 1417 qui
1207 1359 1518 1404 reservatus
1549 1348 1617 1404 ad
1644 1349 1833 1403 trium-

214 1441 422 1511 phum,
469 1442 564 1497 sed
613 1442 890 1512 perpetuis
930 1442 1164 1497 vinculis
1203 1442 1516 1507 innodatus,
1545 1457 1717 1513 usque
1762 1443 1829 1497 ad

213 1545 489 1601 mortem,
524 1535 698 1606 magis
730 1535 953 1590 trahens
990 1536 1241 1606 spiritum
1277 1535 1416 1599 vitm,
1460 1549 1622 1605 quam
1665 1536 1830 1589 ullam

186 1632 563 1700 voluptatem
589 1630 805 1686 vivendi
841 1640 1116 1700 expertus,
1149 1630 1383 1685 securim
1410 1629 1606 1684 evasit.
1640 1629 1828 1685 Simon

207 1733 409 1778 autem
441 1724 599 1777 latuit
625 1722 788 1778 etiam
812 1722 954 1777 intra
978 1732 1191 1777 exustae
1216 1722 1367 1776 urbis
1398 1722 1606 1787 ruinas,
1641 1722 1694 1776 in
1725 1721 1825 1791 hy-

1946 511 2029 562 nis
2070 510 2170 564 sibi
2201 512 2412 580 copiam
2454 511 2649 567 daret:
2681 528 2789 583 quo
2837 518 3150 585 impetrato,
3187 515 3433 574 infudere
3481 536 3543 576 se

1941 601 2085 669 genti
2130 600 2442 668 Medorum;
2470 614 2524 658 et
2554 603 2856 674 impetratis
2898 606 3049 663 brevi
3081 609 3359 666 velocibus
3388 615 3543 684 equis

1941 703 1995 747 et
2023 692 2144 747 aliis
2173 695 2376 762 pariter
2401 696 2467 750 ad
2497 696 2777 752 dexteram
2813 700 2987 764 nexis;
3022 700 3075 754 in
3105 716 3243 772 quos
3276 719 3373 772 per
3399 704 3548 759 vices

1939 798 2059 839 eum
2098 785 2236 840 foret
2276 788 2484 842 libitum
2514 789 2814 856 desilirent,
2849 801 3011 846 totam
3047 810 3215 864 prope
3259 799 3541 867 regionem

1940 892 2329 948 percursavere
2358 902 2369 938 :
2397 895 2452 936 ut
2475 885 2650 953 primo
2680 887 3060 957 pertttrharent
3091 890 3273 943 omnia
3296 892 3545 962 majoris-

1940 988 2045 1041 que
2099 974 2461 1031 multitudinis
2509 978 2746 1048 Speciem
2801 979 3016 1042 darent.
3063 981 3325 1039 adversus
3374 1000 3536 1055 quam

1936 1065 2117 1120 nullus
2144 1068 2286 1136 fugae
2324 1069 2473 1123 locus
2507 1081 2762 1126 vacaret:
2796 1072 2993 1128 deinde
3014 1074 3399 1131 circumventis
3420 1094 3540 1132 om-

1934 1157 2113 1223 nibus,
2147 1171 2403 1228 quantam
2437 1162 2659 1229 vellent,
2692 1178 2872 1234 strage
2901 1166 3067 1231 edita,
3099 1176 3334 1236 praedam
3366 1170 3534 1227 abdu-

1933 1264 2140 1308 cerent.
2172 1254 2301 1309 Erat
2323 1257 2470 1311 enim
2524 1259 2674 1329 regio
2715 1261 2913 1331 populo
2946 1263 3197 1333 frequens
3234 1276 3289 1321 et
3316 1270 3529 1339 pecoris

1934 1346 2246 1414 abundans;
2288 1364 2408 1417 qua:
2449 1352 2601 1406 nullo
2634 1355 2924 1410 resistente
2965 1356 3122 1411 facile
3151 1362 3320 1429 patuit
3350 1363 3526 1434 direp-

1936 1440 2091 1496 tioni.
2148 1440 2428 1512 Siquidem
2464 1442 2582 1513 ipse
2612 1444 2848 1501 Pacorus
2879 1448 3159 1505 Medorum
3188 1469 3280 1508 rex
3334 1457 3387 1509 in
3411 1456 3530 1509 abs-

1937 1541 2083 1584 trusa
2110 1532 2225 1586 loca
2259 1547 2318 1588 se
2345 1536 2597 1602 contulit,
2618 1536 2777 1591 saluti
2800 1539 2978 1603 potius
3005 1556 3166 1611 quam
3205 1560 3372 1615 regno
3403 1562 3531 1603 con-

1934 1626 2152 1691 sulens;
2185 1627 2256 1679 ita
2284 1637 2338 1681 ut
2369 1644 2503 1682 uxor
2524 1630 2642 1698 ejus
2667 1645 2730 1684 ac
2755 1631 2909 1686 liberi
2938 1649 3002 1689 ac
3017 1638 3332 1693 concubinae
3358 1653 3530 1711 captaa

1932 1720 2001 1772 ab
2035 1718 2238 1785 Alanis,
2263 1733 2480 1776 centum
2510 1724 2731 1779 talentis
2760 1735 2943 1794 postea
2974 1729 3398 1789 redimerentur.
3428 1734 3535 1790 Nec

213 1818 415 1888 pogeis
463 1833 523 1871 se
566 1832 689 1871 cum
741 1818 928 1886 paucis
970 1815 1277 1871 recondens
1322 1814 1673 1870 fidelioribus.
1705 1814 1826 1869 .lam
1858 1817 1904 1877 Β
1934 1811 2216 1883 Tyridates
2245 1817 2513 1870 Armenia:
2557 1833 2657 1871 rex
2702 1818 2959 1875 immunis
3003 1821 3100 1876 fuit
3144 1824 3393 1894 periculi,
3437 1827 3533 1883 sed

207 1910 412 1965 Cmsar
431 1910 764 1965 discesserat
797 1919 1036 1965 cremata
1074 1909 1207 1963 urbe
1229 1909 1505 1962 aestimans
1539 1907 1702 1962 etiam
1745 1909 1827 1962 Si-

212 2019 450 2060 monem
480 2012 576 2058 aut
605 2004 713 2074 igni
740 2011 1021 2068 exustum,
1045 2012 1137 2056 aut
1170 2002 1323 2057 ruina
1353 2015 1676 2071 oppressum
1696 2043 1709 2065 ,
1734 2010 1828 2055 aut

208 2115 240 2153 a
300 2113 656 2169 quocumque
685 2107 710 2135 ⁸
746 2097 968 2152 homine
1015 2096 1423 2165 interemptum.
1477 2096 1678 2152 Verum
1731 2096 1827 2149 ille

212 2192 488 2262 quamdiu
519 2191 673 2246 cibus
719 2190 1123 2262 suppeditavit,
1176 2190 1230 2244 in
1277 2189 1511 2244 defossis
1557 2188 1826 2259 specubus

209 2284 540 2340 defodiebat
590 2285 884 2339 introrsum
917 2282 1053 2338 :sed
1091 2284 1179 2338 tibi
1224 2292 1276 2337 et
1323 2282 1479 2337 cibus
1523 2283 1741 2348 defecit,
1771 2291 1827 2337 et

214 2381 412 2435 nullus
451 2377 719 2435 evadendi
763 2379 940 2432 exitus
993 2377 1186 2447 patuit,
1220 2377 1400 2431 subito
1445 2375 1511 2430 ad
1542 2376 1824 2446 superiora

210 2474 456 2543 erepsit,
490 2473 712 2527 indutus
743 2483 892 2526 veste
937 2470 1164 2526 candida
1196 2477 1252 2525 et
1290 2485 1562 2540 purpureo
1590 2469 1826 2538 desuper

216 2566 579 2631 vestimento,
614 2572 674 2620 ut
718 2575 985 2618 terrorem
1031 2562 1318 2633 quemdam
1367 2563 1635 2617 incuteret
1683 2562 1825 2631 aSpi-

213 2657 514 2714 cientibus.
542 2656 644 2724 Qui
680 2654 853 2725 primo
887 2655 1228 2725 stupentibus
1256 2653 1520 2709 militibus
1566 2652 1828 2709 Romanis

214 2749 471 2814 mandat,
517 2758 576 2803 ut
602 2748 667 2803 ad
695 2748 889 2803 ducem
931 2762 1088 2801 suum
1130 2745 1489 2801 deducerent.
1521 2744 1647 2799 Erat
1681 2746 1732 2798 in
1761 2759 1827 2799 eo

215 2844 345 2898 loco
380 2841 557 2897 Rufus
611 2841 923 2906 Terentius,
953 2856 1113 2912 quem
1155 2840 1312 2894 Titus
1354 2839 1474 2894 loco
1503 2837 1824 2910 praefectum

217 2937 440 2991 militiae
480 2935 870 3005 dereliquerat.
902 2933 1022 3000 Quo
1065 2932 1388 2987 adveniente
1425 2929 1825 3000 interrogatus,

217 3030 343 3101 quis
377 3037 558 3091 esset,
585 3028 761 3099 primo
778 3027 879 3082 alia
900 3045 915 3092 ;
938 3038 1076 3097 post,
1107 3028 1384 3083 Simonem
1403 3023 1689 3080 confessus
1719 3034 1824 3078 est.

220 3124 357 3179 lude
394 3122 747 3177 transmissus
775 3121 841 3175 ad
872 3122 1239 3185 Caesareanet
1265 3123 1376 3189 ipse
1393 3118 1458 3173 ad
1493 3116 1825 3188 triumphum

1930 1908 2109 1960 alieno
2160 1909 2304 1962 malo
2348 1911 2576 1973 cautior,
2624 1924 2831 1983 pestem
2878 1917 3169 1984 praevidit:
3205 1928 3262 1974 et
3307 1921 3535 1976 viriliter

1930 1997 2149 2066 quidem
2184 2001 2352 2055 voluit
2388 2016 2701 2067 occurrere,
2753 2013 2811 2059 ut
2852 2021 2879 2058 a
2922 2008 3117 2063 finibus
3163 2011 3275 2065 suis
3316 2010 3531 2067 hostem

1929 2105 2224 2150 averteret.
2260 2097 2394 2150 Dum
2418 2098 2703 2169 prazliatur
2732 2108 2912 2156 tamen
2941 2102 3138 2172 laqueo
3184 2106 3442 2173 insertus,
3480 2108 3531 2162 in

1929 2198 2254 2258 potestatem
2287 2188 2523 2244 hostium
2562 2192 2717 2246 vivus
2746 2206 3137 2263 concesserat,
3172 2198 3226 2250 ni
3259 2208 3533 2267 praeacuto

1928 2280 2109 2351 gladio
2135 2281 2335 2336 nodmn
2371 2282 2657 2338 informem
2681 2285 2943 2340 velociter
2971 2287 3358 2345 intercidisset.
3400 2290 3531 2345 Nam

1931 2373 2220 2427 insolentia
2250 2374 2483 2443 quadam
2516 2377 2754 2447 propriae
2782 2377 3115 2436 fortitudinis
3144 2391 3199 2436 et
3224 2384 3276 2438 in
3305 2394 3533 2440 cmterns

1929 2466 2184 2533 despectu
2218 2467 2474 2536 superbo,
2506 2468 2667 2523 simul
2715 2478 2772 2523 ut
2812 2470 3134 2527 familiarem
3167 2474 3269 2529 sibi
3303 2477 3521 2532 eminus

1930 2556 2257 2612 decernendi
2282 2560 2732 2614 consuetudinem
2752 2602 2767 2625 ,
2799 2562 3211 2635 refugiendique
3242 2577 3263 2605 ε
3295 2566 3527 2623 ΐεοιιιιεις

1931 2660 2040 2706 tem
2088 2651 2277 2707 fraude
2323 2653 2413 2707 tali
2456 2664 2852 2723 prmtexerent;
2887 2658 3111 2727 laqueos
3151 2659 3335 2729 jacere
3364 2673 3528 2732 atque

1931 2744 2140 2801 hostem
2172 2747 2471 2812 innectere,
2497 2763 2588 2802 ars
2614 2748 2802 2804 Alanis
2833 2751 3180 2823 bellandique
3205 2769 3325 2810 mos
3348 2767 3449 2810 est.

2536 2841 2769 2897 CAPUT
2809 2843 2896 2899 LI.

2002 2930 2160 3002 Fugit
2207 2932 2387 3003 itaque
2433 2934 2745 3005 Tyridates,
2777 2938 2863 2991 cui
2907 2940 3146 2997 evasisse
3190 2942 3327 2998 satis
3372 2942 3520 2999 fuit:

1930 3042 2155 3097 regnum
2201 3038 2381 3083 autem
2428 3046 2584 3085 suum
2629 3032 3067 3103 depopulandum
3118 3037 3363 3108 reliquit.
3392 3038 3525 3093 Nam

1930 3124 2081 3192 quasi
2112 3133 2331 3193 accepta
2370 3124 2565 3194 injuria
2597 3126 2738 3196 quod
2762 3129 3018 3197 congredi
3049 3145 3214 3186 ausos
3246 3132 3404 3197 foret,
3428 3150 3524 3187 ve—

220 3222 581 3270 reservatus.-
604 3214 710 3268 Sed
754 3213 876 3282 quia
926 3211 1168 3267 crudelia
1197 3218 1523 3266 exercuerat
1553 3208 1605 3262 in
1638 3209 1786 3264 cives
1809 3248 1824 3271 ,
1856 3205 1902 3268 C
1938 3214 2241 3268 ltetnentitts
2271 3217 2585 3270 Armeniam
2606 3258 2621 3283 ,
2654 3234 2816 3287 quam
2848 3219 3035 3274 Mediaa
3066 3236 3293 3291 regnum
3333 3222 3529 3279 devas-

221 3325 326 3363 nec
373 3323 436 3362 se
474 3305 676 3362 Caesari
725 3304 1040 3371 tradiderat,
1085 3314 1204 3373 pest
1254 3302 1514 3371 triumphi
1571 3316 1821 3371 pompam

224 3401 345 3457 neci
383 3400 752 3470 adiudicatus.
797 3396 996 3453 Octava
1037 3396 1125 3451 die
1174 3396 1411 3465 Gorpiaei
1463 3396 1666 3449 mensis
1696 3409 1827 3447 cnn—

224 3502 470 3550 cremata
494 3502 580 3547 est
599 3490 811 3546 civitas.
842 3489 993 3546 Cat-sa
1026 3507 1121 3561 per
1151 3504 1312 3544 omne
1348 3497 1559 3557 tempus
1588 3486 1829 3542 obsidio-

227 3590 312 3645 nis
353 3590 641 3644 innumera
671 3584 859 3651 millia,
892 3584 1072 3640 decies
1104 3594 1333 3639 centena
1384 3581 1546 3637 millia
1592 3581 1683 3652 (cx
1713 3598 1826 3652 my-

224 3683 431 3747 riadcs,
466 3688 523 3735 ut
554 3680 795 3751 plerique
825 3676 1452 3750 asserunt),Judteorum
1501 3685 1680 3731 tamen
1708 3691 1823 3728 otu-

228 3776 404 3842 nium,
447 3773 543 3829 sed
578 3789 684 3828 non
735 3771 976 3826 omnium
1018 3772 1262 3840 ejusdem
1313 3770 1549 3841 regionis
1597 3779 1651 3824 et
1699 3768 1825 3831 loci,

227 3871 351 3939 quia
407 3882 475 3923 eo
529 3866 766 3938 undique
820 3874 1199 3921 convenerunt
1259 3875 1502 3933 tempore
1560 3865 1830 3934 paschalis

228 3960 564 4018 festivitatis.
613 3959 824 4031 Captivi
873 3958 1096 4015 abducti
1147 3960 1214 4013 ad
1266 3960 1557 4029 nonaginta
1616 3968 1827 4028 septem

230 4056 426 4122 millia,
463 4056 703 4109 latrones
755 4069 922 4124 prope
969 4068 1159 4108 omnes
1189 4051 1454 4122 perempti
1486 4053 1667 4107 statim
1696 4072 1707 4105 :
1738 4054 1829 4123 qui

232 4149 529 4204 validiores
559 4156 736 4214 erant,
770 4163 865 4216 per
908 4146 1241 4216 triumphum
1288 4146 1455 4213 ducti,
1488 4156 1675 4216 postea
1701 4148 1829 4203 bes—

233 4242 322 4296 tiis
366 4241 564 4311 objecti
610 4240 935 4309 eaaterisque
973 4238 1255 4309 suppliciis
1295 4240 1430 4304 dati,
1464 4254 1560 4309 per
1588 4240 1832 4309 singulas

234 4333 409 4390 ferme
438 4333 601 4388 urbes
634 4349 736 4402 qua
770 4334 872 4387 iter
891 4333 1086 4403 agebat
1118 4332 1292 4398 Titus,
1323 4341 1376 4385 ut
1406 4347 1502 4401 per
1543 4330 1832 4387 universos

234 4430 603 4485 rebellionum
636 4428 903 4499 supplicio
946 4438 1145 4481 metum
1172 4436 1472 4497 spargeret.

874 4518 1103 4576 CAPUT
1144 4519 1206 4573 L.

1934 3313 2207 3360 tavcrunt.
2265 3306 2446 3375 Opimi
2495 3307 2677 3378 itaque
2708 3311 2987 3381 utriusque
3027 3317 3174 3384 regni
3219 3315 3432 3386 spoliis,
3460 3318 3528 3372 ad

1936 3398 2150 3469 propria
2200 3415 2482 3454 recursum
2531 3400 2732 3456 fecere.
2765 3403 3005 3468 Quorum
3042 3419 3319 3477 comperta
3352 3408 3534 3465 incur-

1933 3492 2107 3555 sione,
2141 3490 2294 3545 Titus
2344 3490 2690 3549 Antiochiam
2724 3498 3005 3551 contendit
3044 3516 3057 3551 :
3091 3499 3293 3553 sensim
3330 3512 3534 3567 tamen,

1935 3592 1992 3637 ttt
2022 3583 2469 3654 triumphatorcm
2501 3585 2760 3651 decebat,
2797 3604 3128 3659 causamque
3154 3591 3531 3657 dissimulans,

1934 3690 2031 3746 per
2063 3676 2307 3744 singulas
2334 3677 2496 3732 urbes
2536 3694 2785 3749 pompam
2815 3682 3057 3737 celebrat
3087 3685 3350 3741 victorizr.
3381 3686 3533 3743 Peri-

1937 3769 2224 3823 utebantur
2273 3770 2325 3824 in
2377 3785 2541 3824 arena
2586 3771 2782 3835 Juda'i,
2832 3789 3170 3845 quacumque
3214 3780 3530 3847 pergebant,

1935 3879 1999 3918 ac
2027 3864 2308 3917 dilacerati
2334 3879 2362 3917 a
2399 3863 2610 3930 bestiis,
2642 3866 2951 3932 pendebant
2976 3871 3171 3923 merita
3196 3870 3536 3926 rebellionis.

1934 3955 2237 4009 Antiochia:
2265 3969 2484 4026 quoque
2514 3971 2609 4010 eos
2632 3960 2862 4012 vetustis
2883 3959 3023 4013 odiis
3047 3962 3268 4029 gentilis
3300 3965 3529 4032 populus

1936 4048 2302 4102 insectabatur
2337 4063 2440 4102 :eo
2470 4048 2615 4118 quod
2644 4064 2800 4117 reges
2826 4049 3114 4105 Persarum
3140 4069 3261 4121 quin
3297 4053 3364 4108 de
3404 4054 3530 4109 llic-

1938 4140 2326 4211 rosolymitana
2361 4140 2496 4195 urbe
2525 4140 2752 4196 donaria
2787 4141 2913 4212 jure
2943 4144 3183 4198 victorire
3225 4146 3531 4202 vindicave-

1938 4240 2084 4296 rant,
2138 4233 2430 4303 synagogis
2475 4235 2867 4290 contulerant:
2919 4236 3275 4293 Antiochenis
3316 4244 3385 4294 de
3434 4253 3534 4294 suo

1938 4346 2154 4402 quoque
2181 4330 2283 4384 alia
2321 4331 2525 4400 largiti.
2552 4330 2741 4401 Itaque
2781 4341 3058 4403 congestze
3099 4350 3231 4404 opes
3273 4334 3530 4390 invidiam

1940 4426 2094 4480 facile
2128 4439 2367 4479 movere.
2397 4424 2528 4478 Nam
2557 4435 2617 4478 ut
2651 4426 2736 4479 illa
2765 4440 2911 4481 nunc
2940 4426 3254 4481 omittamus
3282 4442 3403 4498 quae
3433 4426 3533 4481 ad-

1940 4534 2156 4573 versum
2186 4516 2530 4572 Machahmos
2561 4521 2834 4586 gesserint
2877 4518 3167 4573 sacerdotii
3207 4518 3539 4590 competito-

308 4613 416 4669 Per
461 4612 603 4669 idem
648 4621 861 4683 tempus
903 4612 1084 4678 Alani,
1124 4626 1259 4683 gens
1306 4611 1415 4667 fera
1447 4620 1501 4665 et
1530 4611 1622 4665 diu
1652 4610 1832 4682 ignota
1861 4601 1911 4660 ῐ)
1943 4628 2050 4677 res,
2082 4618 2139 4665 et
2168 4619 2385 4679 quantae
2410 4610 2549 4665 cladi
2582 4612 2778 4666 civium
2804 4610 2970 4666 fuerit
3005 4613 3250 4677 ambitio,
3279 4613 3420 4666 sicut
3440 4626 3536 4666 su-

242 4709 487 4774 nostris,
542 4706 685 4774 quod
734 4706 1052 4761 interiorum
1106 4705 1352 4759 locorum
1409 4702 1733 4758 difficultate
1784 4712 1839 4757 et

239 4802 481 4857 claustro
502 4809 675 4871 portae
704 4800 894 4854 ferrea:
919 4815 1081 4869 quam
1112 4812 1337 4868 magnus
1363 4795 1679 4851 Alexander
1702 4809 1840 4864 prte-

245 4904 406 4963 rupto
430 4893 648 4947 Taurini
670 4892 816 4946 ontis
843 4892 1095 4960 imposuit
1123 4888 1277 4959 jugo,
1305 4903 1426 4942 cum
1463 4887 1679 4942 caeteris
1709 4886 1842 4940 feris

243 4994 298 5039 et
335 4985 617 5040 indomitis
644 4983 939 5039 introrsum
962 4982 1213 5053 gentibus
1239 4978 1660 5035 cohibebantur.
1688 4978 1841 5033 luco-

244 5077 429 5135 lebant
450 5079 763 5151 Scythicum
787 5077 1009 5132 Tanaim
1049 5076 1379 5144 finitimaque
1405 5077 1523 5142 ejus
1558 5082 1611 5125 et
1638 5073 1840 5128 Maeoti-

247 5170 331 5226 dis
359 5174 603 5242 palndes,
642 5174 790 5228 velut
822 5173 1052 5243 quodam
1083 5171 1250 5226 clausi
1292 5185 1513 5225 carcere
1557 5168 1840 5224 memorati

249 5262 465 5335 ingenio
488 5267 651 5336 regis,
683 5273 741 5320 ut
768 5280 895 5320 suas
925 5276 1098 5319 terras
1129 5271 1479 5329 exercerent,
1510 5262 1713 5316 alienas
1737 5276 1841 5315 non

248 5355 605 5419 incursareut.
640 5358 747 5414 Sed
778 5358 891 5412 sive
917 5356 986 5408 ob
1026 5356 1364 5410 sterilitatem
1396 5356 1658 5419 locorum,
1701 5353 1845 5424 quod

252 5454 394 5508 avari
441 5454 584 5507 votis
615 5452 870 5522 agricolze
909 5459 1119 5519 sperata
1159 5448 1384 5502 culturae
1416 5464 1522 5501 non
1555 5446 1849 5516 responde-

254 5559 333 5602 ret
361 5546 680 5611 fecunditas,
716 5544 832 5603 sive
855 5542 1133 5613 praedandi
1163 5540 1465 5609 cupiditate
1496 5554 1676 5609 regem
1716 5539 1851 5609 llyr-

265 5654 520 5694 canorum
570 5637 660 5709 qui
713 5636 849 5691 locis
906 5641 1155 5704 praeerat,
1190 5631 1572 5697 sollicitarum,
1606 5631 1851 5700 pretioue

333 5744 358 5772 α
406 5733 594 5788 Milite.
630 5731 798 5787 Buta.

341 5803 367 5853 δ
413 5805 535 5865 Vct.
562 5801 799 5877 exetnpl.
832 5799 1142 5857 dissensione
1165 5799 1297 5852 inter
1324 5812 1379 5852 se
1402 5797 1649 5870 gentium.
1682 5794 1757 5855 In.

1941 4721 2037 4776 pra
2093 4706 2545 4770 memoravimus;
2580 4706 2881 4759 Antiochus
2933 4717 3118 4774 postea
3174 4720 3279 4761 non
3314 4705 3537 4776 ignobili

1943 4811 2145 4865 genere
2171 4807 2345 4858 ortus,
2393 4795 2489 4849 sed
2525 4797 2765 4850 moribus
2796 4798 3037 4866 perditus
3058 4840 3071 4862 ,
3108 4797 3288 4852 aflicto
3314 4798 3544 4853 crimine

1943 4890 2085 4960 quod
2140 4889 2312 4944 .ludmi
2371 4890 2557 4945 urbem
2609 4891 2955 4946 Antiochiam
3016 4892 3268 4948 incendio
3315 4906 3544 4947 exurere

1946 4982 2441 5052 conspiravissent,
2492 4991 2699 5053 patrem
2754 4985 3031 5055 preprium
3071 4986 3162 5054 qui
3191 4996 3332 5039 esset
3357 4987 3423 5039 de
3449 4983 3545 5039 Ju-

1946 5074 2186 5129 dzcorum
2232 5076 2559 5145 primoribus
2604 5085 2658 5128 et
2696 5077 2986 5145 plerosque
3022 5076 3162 5130 alios
3210 5076 3550 5131 insimulatus

1945 5168 2163 5237 gentilis
2190 5167 2393 5235 impetu
2423 5167 2807 5232 multitudinis,
2842 5168 2906 5220 ad
2951 5177 3179 5223 mortem
3220 5170 3414 5237 coegit.
3440 5167 3551 5223 Nec

1949 5276 2013 5311 eo
2036 5258 2330 5328 parricidio
2354 5260 2759 5326 multorumque
2789 5260 2938 5313 caede
2957 5270 3305 5315 exsaturatus
3325 5262 3552 5331 quievit,

1952 5350 2044 5406 sed
2092 5362 2279 5421 postea
2310 5367 2527 5420 quoque
2557 5361 2744 5405 nactus
2777 5351 3124 5415 facultatem,
3158 5352 3301 5421 quod
3332 5352 3554 5406 fortuito

1952 5445 2204 5500 inccndio
2231 5444 2525 5513 acciderat,
2546 5446 2790 5514 ejusdem
2823 5446 2971 5500 urbis
3007 5446 3269 5515 perticas,
3302 5453 3356 5498 et
3386 5453 3554 5499 tetra-

1957 5553 2155 5609 gonam
2211 5539 2442 5607 plateam
2506 5539 2908 5599 maximamque
2945 5548 3149 5608 partem
3200 5537 3553 5591 aedificiorum

1960 5627 2214 5685 cremari.
2249 5626 2439 5682 fraude
2472 5629 2743 5697 praedicta:
2779 5627 3194 5698 conjurationis,
3224 5626 3419 5680 iterum
3462 5625 3557 5681 Ju-

2044 5733 2065 5759 ο
2110 5719 2457 5774 Fdeifitatem.
2482 5720 2556 5776 In.
