3948 6338
423 237 567 292 2ης)

1756 229 2001 286 SANCTI
2043 228 2369 287 AMBROSII

3598 230 3750 284 2100

423 354 574 409 dae-os
604 366 799 423 urgere
828 352 996 423 coepit
1021 360 1186 421 atque
1207 349 1521 413 incessere,
1555 363 1619 404 ac
1649 360 1884 418 propere
1910 344 2027 400 uni-
2061 345 2106 408 Α
2137 360 2259 400 rum
2314 344 2644 399 instaurator
2693 357 2978 399 sacrorum
3006 359 3020 409 ;
3069 342 3198 399 vicit
3246 341 3472 400 Neehao
3502 344 3751 401 omnium

423 461 708 503 versorum
750 457 988 517 stragem
1018 443 1258 508 fecisset,
1294 444 1398 497 nisi
1435 439 1750 498 advenienti
1785 439 1907 495 Tito
1938 453 2026 494 re-

420 547 639 596 servata
676 539 918 611 cognitio
942 536 1107 605 foret,
1138 544 1376 592 metune
1403 534 1587 591 Caesar
1619 541 1876 604 usurpato
1905 532 2025 603 plu-

422 632 694 688 rimorum
750 631 1023 703 supplicio
1079 639 1539 687 commoveretur.
1585 630 1659 684 Ea
1699 642 1789 684 res
1824 624 2027 682 Judaais

430 725 592 781 saluti
620 724 739 780 fuit.

1037 813 1267 871 CAPUT
1305 812 1415 869 LII.

498 911 762 967 Massadae
807 925 1024 983 quoque
1054 910 1275 982 plurimi
1319 924 1379 965 se
1420 907 1731 964 Judazorum
1769 905 1892 961 freti
1924 906 2027 961 loci

424 1004 728 1060 munimine
773 1016 1215 1074 congregavere,
1261 1001 1416 1071 cujus
1465 997 1811 1070 expugnandi
1864 1011 2029 1068 nego-

424 1097 560 1152 tium
597 1095 751 1150 Titus
801 1095 1083 1166 indignum
1124 1092 1421 1148 arbitratus
1447 1090 1592 1161 quod
1641 1091 2028 1160 imperatorem

425 1198 661 1257 teneret,
698 1196 723 1224 ει
756 1186 922 1259 Syllae
967 1183 1270 1249 mandavit,
1303 1183 1389 1239 cui
1440 1196 1708 1237 summam
1742 1181 1795 1235 in
1838 1180 2029 1235 iisdem

420 1280 562 1337 locis
608 1278 818 1333 militia:
861 1278 1144 1342 Romanae,
1190 1275 1531 1345 cavendique
1573 1289 1643 1329 ne
1671 1273 1799 1343 quid
1832 1272 2028 1327 iterum

424 1372 747 1428 rebellionis
787 1371 1058 1437 oriretur,
1083 1368 1459 1425 commiserat.
1500 1366 1619 1438 [pse
1647 1364 2030 1421 Alexandriam

424 1466 741 1532 contendit,
774 1476 831 1520 et
870 1462 997 1519 inde
1021 1463 1237 1534 navigio
1267 1462 1494 1517 Romam
1530 1459 1850 1515 transmisit.
1883 1460 2032 1530 Sylla

428 1558 681 1631 gnaviter
734 1557 996 1613 insistens
1041 1554 1287 1627 injuncto
1318 1553 1419 1610 sibi
1468 1553 1713 1618 muneri,
1768 1549 2031 1606 Massad-e

430 1670 643 1710 murum
668 1652 844 1708 ariete
875 1651 1146 1707 dissolvit.
1171 1650 1252 1703 llli
1283 1646 1601 1703 interiorem
1629 1647 1776 1714 ligno
1807 1658 2032 1713 compo-

2128 437 2631 493 sceleratissimus:
2659 436 2756 492 sed
2785 435 2881 492 ille
2921 436 3122 503 victus,
3169 451 3316 493 nunc
3363 453 3490 493 cum
3533 437 3751 510 augetis

2131 539 2237 594 est,
2268 529 2357 586 hic
2381 530 2555 586 victor
2584 529 2637 585 in
2681 528 2987 601 suppliciis.
3033 530 3170 598 Quis
3213 531 3361 586 enim
3397 532 3594 599 nescit,
3622 547 3743 587 non

2130 622 2184 677 in
2237 622 2344 701 hac
2381 622 2492 677 vita
2529 622 2829 691 repositam
2878 635 3003 677 esse
3048 621 3361 678 mercedem
3401 623 3745 690 hominibus,

2129 712 2225 768 sed
2263 722 2383 783 post
2409 713 2570 785 hujus
2598 714 3003 770 absolutionem
3033 714 3389 769 certaminis?
3446 713 3547 770 Hic
3593 715 3748 770 enim

2129 807 2421 876 currimus,
2473 817 2532 863 ut
2583 809 2692 865 illic
2738 807 2805 863 ad
2861 808 3096 880 palmam
3147 808 3537 878 perveniamus
3585 827 3599 864 :
3656 809 3752 865 hic

2130 907 2450 967 certamen,
2500 900 2569 956 ibi
2614 901 2895 972 praemium
2951 910 3054 957 est.
3134 900 3252 956 Non
3306 917 3439 973 ergo
3498 900 3608 957 ulla
3654 900 3751 958 hic

2134 996 2396 1068 longcevae
2427 996 2606 1050 mtatis
2648 996 2825 1067 gratia
2855 1005 2961 1052 est.
3000 995 3244 1066 Denique
3275 996 3415 1052 Abel
3455 996 3563 1051 cito
3599 995 3751 1050 occi-

2133 1089 2301 1156 ditur,
2332 1089 2469 1145 Cain
2496 1089 2802 1159 supervixit
2831 1106 2845 1144 :
2881 1090 2954 1144 ita
2992 1104 3140 1145 mors
3173 1088 3503 1145 innocentiae
3533 1089 3654 1156 fuit,
3690 1098 3751 1146 et

2135 1185 2244 1238 vita
2276 1199 2555 1239 aerumnae.
2588 1184 2666 1239 Ex
2698 1182 2794 1239 illo
2838 1183 2895 1238 iit
2935 1182 3182 1239 eamdem
3221 1193 3431 1239 sortem
3474 1184 3745 1240 successi-

2136 1292 2277 1344 mus,
2323 1287 2384 1333 ut
2430 1277 2614 1334 vivere
2670 1277 3038 1333 miserrimmn
3072 1277 3250 1343 fieret,
3307 1278 3450 1334 mori
3499 1278 3741 1335 beatum.

2136 1368 2274 1436 Quid
2301 1378 2385 1424 est
2405 1369 2551 1425 enim
2576 1370 2705 1437 vita,
2737 1370 2839 1425 nisi
2869 1385 3060 1426 carcer
3077 1372 3273 1426 anima:
3302 1370 3447 1442 quod
3478 1372 3616 1426 intra
3637 1371 3746 1427 hoc

2136 1465 2470 1533 ergastulum
2493 1463 2790 1530 clauditur,
2817 1472 2873 1519 et
2902 1463 3115 1519 carnali
3148 1464 3394 1520 adhzeret
3421 1464 3744 1520 consortio?

2137 1557 2305 1629 Cujus
2348 1559 2760 1615 infirmitatibus
2803 1560 3067 1631 quatitur,
3110 1559 3297 1615 labore
3346 1557 3627 1631 affligitur,
3661 1559 3743 1614 ira

2138 1654 2463 1717 conteritur.
2496 1653 2813 1710 accenditur
2841 1653 3254 1725 cupiditatibus,
3282 1663 3514 1708 vexatur
3537 1652 3740 1719 furore,

423 1762 607 1811 suere,
623 1762 691 1802 eo
712 1744 858 1815 quod
874 1743 942 1800 ad
967 1740 1277 1813 hujusmodi
1304 1741 1443 1795 ictus
1469 1738 2032 1793 machinamentorum

2141 1762 2241 1802 nec
2287 1762 2348 1803 se
2376 1746 2535 1803 facile
2562 1748 2814 1803 attollere
2858 1756 3060 1818 potest,
3086 1746 3234 1801 humi
3278 1761 3439 1811 nexa,
3485 1753 3743 1801 concreta

432 1840 659 1896 muralis
703 1839 961 1894 materies
1008 1835 1167 1892 facile
1197 1850 1305 1891 non
1337 1833 1582 1890 cederet.
1634 1832 1741 1889 Sed
1770 1831 2034 1897 Romani,

435 1944 645 1992 mutato
685 1932 926 1989 bellandi
954 1945 1180 2002 genere,
1211 1930 1390 2001 ignem
1414 1928 1602 1999 jecere
1622 1969 1637 1995 ,
1671 1924 1764 1996 qui
1791 1937 1845 1982 et
1877 1925 2039 1980 facile

432 2029 580 2099 ligno
611 2026 861 2095 inhaesit,
891 2035 946 2082 et
991 2026 1112 2080 sine
1152 2025 1259 2080 ulla
1306 2020 1546 2079 adolevit
1593 2035 1769 2076 mora.
1815 2018 2039 2089 Magnus

436 2121 621 2190 itaque
667 2118 883 2174 adultus
916 2116 1172 2173 incendio
1218 2115 1451 2171 flammae
1504 2111 1785 2168 ferebatur
1831 2110 2036 2181 fragor,

437 2216 529 2287 qui
563 2215 799 2285 primum
830 2214 1012 2269 boreae
1048 2211 1346 2282 spiramine
1372 2224 1402 2262 a
1430 2205 1752 2263 munitionis
1795 2204 2040 2275 partibus

438 2307 830 2379 repellebatur,
854 2313 913 2361 et
934 2304 1305 2359 Romanorum
1334 2302 1508 2371 magis
1539 2300 1725 2353 vineas
1753 2296 2035 2352 exurebat.

437 2400 678 2466 Deinde,
710 2405 902 2455 exorto
952 2398 1066 2452 noti
1114 2395 1448 2467 Spiramine,
1483 2395 1535 2447 in
1585 2392 1869 2448 castellum
1918 2404 2042 2445 Sese

434 2495 679 2560 retorsit,
705 2493 779 2548 ita
803 2501 862 2553 ut
882 2491 1247 2561 conﬂagraret
1266 2488 1446 2544 omnis
1468 2487 1561 2543 ille
1586 2486 1795 2558 ligneus
1815 2485 2043 2540 muralis

431 2588 681 2658 objeetus
709 2586 954 2642 materiae
980 2591 1338 2654 consumptas.
1369 2582 1624 2646 Romani,
1650 2581 1908 2650 quoniam
1937 2593 2043 2632 nox

443 2682 846 2747 intervenerat,
877 2679 1056 2735 securi
1087 2678 1333 2735 victoria:
1359 2678 1413 2732 in
1442 2685 1622 2732 castra
1650 2690 1772 2731 sese
1813 2688 2045 2743 recepe-

444 2784 599 2843 rant,
631 2782 691 2828 ttt
718 2773 971 2844 sequenti
1014 2773 1102 2827 die
1140 2771 1374 2827 nudatos
1399 2772 1508 2840 jam
1540 2778 1701 2839 atque
1733 2768 1882 2824 omni
1913 2783 2046 2822 exu-

444 2879 527 2926 tos
562 2869 815 2939 praesidio
859 2866 1220 2923 debellarent.
1254 2866 1363 2923 Sed
1410 2880 1477 2921 ne
1527 2865 1647 2934 quis
1692 2863 2040 2930 elaberetur,

441 2961 665 3018 intextis
694 2962 977 3018 castellum
1010 2961 1275 3017 custodiis
1300 2957 1871 3015 circumvallaverunt.

1033 3051 1265 3109 CAPUT
1304 3052 1439 3107 LIII.

519 3149 831 3220 Desperatis
876 3148 1059 3219 itaque
1089 3147 1254 3203 rebus
1284 3146 1605 3214 Eleazarus,
1638 3153 1832 3199 auctor
1859 3142 2045 3198 tttrba-
2070 3131 2115 3195 C

442 3260 594 3309 runt,
648 3242 841 3298 videns
890 3241 969 3297 nil
1016 3240 1253 3312 prmsidii
1308 3254 1631 3310 superesse,
1680 3253 1911 3295 exorsus
1960 3245 2046 3293 est

442 3352 796 3402 sermonem,
847 3350 1012 3407 quem
1072 3350 1173 3390 nos
1219 3336 1372 3406 quasi
1423 3335 1696 3405 epilogum
1753 3330 2044 3403 quemdam

441 3429 747 3486 claudendo
777 3427 933 3498 Operi
961 3428 1385 3499 deplorabilem,
1418 3442 1570 3484 more
1612 3427 1889 3482 rhetorico
1936 3441 2043 3481 non

445 3520 915 3592 prtelermisimus.
939 3519 1078 3586 Quid
1098 3520 1330 3589 agimus,
1348 3519 1739 3593 Abrahamitae,
1758 3516 1859 3571 viri
1873 3532 2046 3588 genus

441 3614 666 3685 regale,
716 3612 1074 3668 sacerdotalis
1119 3613 1313 3683 gratia:
1365 3612 1563 3667 virtute
1606 3612 2045 3681 insuperabiles?

445 3721 553 3761 non
585 3706 729 3761 enim
753 3719 820 3761 ex
847 3714 1046 3760 eventu
1070 3705 1317 3760 victoria:
1343 3720 1465 3777 quae
1494 3705 1810 3775 frequenter
1839 3706 2042 3759 incerta

442 3806 565 3863 est,
599 3798 695 3853 sed
750 3814 818 3854 ex
865 3797 1128 3868 propositi
1174 3797 1483 3853 constantia
1529 3796 1699 3851 virtus
1744 3806 2040 3866 spectatur.

444 3890 599 3947 Unde
628 3891 903 3959 conjicere
946 3890 1137 3961 liquet,
1166 3890 1290 3961 quia
1322 3889 1536 3945 hostem
1576 3889 1849 3959 subjicere
1879 3890 2046 3944 sortis

441 3994 562 4048 est,
588 4000 694 4039 non
729 3994 940 4039 mutare
986 3994 1224 4039 mentem
1265 3984 1483 4038 virtutis
1521 3998 1664 4038 esse.
1710 3982 1841 4038 Jure
1881 3984 2045 4053 igitur

443 4076 842 4146 insuperabiles
862 4091 956 4130 vos
978 4075 1232 4140 dixerint,
1260 4075 1306 4129 si
1332 4076 1511 4129 nullus
1539 4074 1714 4129 adhuc
1737 4089 1832 4129 vos
1856 4074 2044 4127 mortis

444 4168 637 4223 vicerit
668 4174 868 4222 metus.
901 4166 1009 4221 Sed
1050 4182 1156 4221 non
1191 4167 1262 4219 ita
1298 4182 1395 4221 vos
1425 4176 1579 4237 pater
1608 4167 1843 4222 instituit
1869 4167 2044 4222 Abra-

446 4261 570 4315 ham
605 4278 617 4313 :
648 4261 738 4330 qui
792 4261 845 4313 in
895 4259 1007 4314 filio
1038 4261 1198 4314 unico
1241 4258 1454 4326 docuit,
1486 4274 1590 4313 non
1623 4268 1854 4314 mortem
1901 4260 2040 4330 ejus,

441 4352 538 4407 sed
564 4352 1031 4406 immortalitatem
1061 4350 1321 4417 futuram,
1354 4351 1400 4406 si
1430 4366 1527 4422 pro
1554 4350 1817 4421 religione
1841 4352 2040 4407 immo—

441 4448 666 4503 laretur.
696 4446 835 4515 Quid
861 4446 1066 4502 Josiam
1114 4445 1402 4516 prmdicem
1424 4488 1439 4513 ,
1468 4462 1575 4517 quo
1607 4462 1768 4502 nemo
1800 4446 1898 4502 fttit
1927 4462 2041 4503 me-

2144 1842 2391 1911 pulvere,
2423 1841 2610 1895 stricta
2640 1841 2881 1910 vinculo,
2916 1840 3095 1895 nervis
3122 1840 3354 1896 irretita.
3388 1839 3508 1894 Non
3540 1838 3743 1894 medio-

2142 1934 2250 1989 cris
2292 1943 2471 1989 tamen
2503 1944 2772 2004 potestas,
2818 1943 2877 1988 ut
2924 1948 3123 2004 corpus
3163 1930 3424 1999 viviﬁcet,
3467 1940 3631 2003 atque
3656 1932 3739 1987 in-

2145 2026 2336 2082 fundat
2365 2027 2666 2084 insensibili
2715 2028 2956 2084 materim
3005 2042 3204 2082 sensus
3230 2027 3518 2096 vigerent;
3555 2035 3611 2081 et
3637 2024 3743 2080 hoc

2144 2119 2497 2175 invisibiliter
2541 2120 2769 2191 singulis
2795 2120 2976 2175 anima
3019 2135 3114 2174 sua
3149 2121 3421 2184 conferat,
3462 2126 3741 2187 totumque

2145 2214 2422 2271 hominem
2455 2223 2627 2285 regat,
2659 2225 2824 2285 atque
2854 2213 2994 2268 ultra
3024 2213 3309 2269 mortalem
3339 2211 3605 2283 provehat
3633 2210 3741 2265 fra-

2142 2309 2431 2380 gilitatem,
2465 2318 2524 2364 ut
2552 2308 2925 2380 cognitionem
2958 2307 3133 2378 capiat
3164 2306 3474 2363 caelestium
3506 2313 3742 2360 secreto-

2143 2418 2290 2469 rum,
2324 2412 2381 2456 ut
2421 2412 2660 2457 mentem
2692 2400 2938 2457 intendat
2985 2398 3204 2455 futuris.
3241 2399 3434 2470 Itaque
3462 2398 3530 2453 ad
3558 2395 3743 2467 imagi-

2145 2511 2269 2551 nem
2320 2494 2844 2566 similitudinemque
2892 2494 2975 2550 sui
3029 2493 3298 2565 Principis
3345 2507 3455 2549 non
3503 2492 3735 2553 videtur,

2144 2606 2267 2648 cum
2310 2591 2383 2645 sit
2410 2592 2463 2645 in
2491 2605 2725 2661 corpore
2751 2590 2878 2656 sita,
2912 2589 3007 2644 sed
3038 2604 3137 2643 nec
3162 2587 3546 2657 corporalibus
3575 2583 3740 2639 oculis

2145 2683 2389 2741 cernitur
2420 2702 2433 2738 :
2468 2698 2568 2739 nec
2612 2684 2894 2755 ingressus
2942 2682 3084 2752 ejus,
3132 2691 3223 2736 aut
3264 2681 3446 2736 exitus
3489 2678 3606 2748 ejus
3633 2678 3741 2734 ullo

2146 2785 2370 2848 aspectu
2410 2776 2843 2846 deprehenditur
2874 2795 2889 2831 :
2921 2776 3094 2832 instar
3120 2772 3395 2846 quoddam
3426 2772 3599 2828 divini
3631 2787 3742 2827 mu-

2145 2872 2292 2928 neris
2313 2880 2737 2941 reprrcsentans.
2762 2870 2896 2926 Cum
2917 2868 3245 2940 ingreditur,
3274 2872 3442 2923 vitam
3478 2866 3737 2923 infundit:

2147 2980 2267 3021 eum
2296 2964 2515 3020 excedit
2547 2978 2803 3035 corpore,
2837 2972 3069 3019 mortem
3100 2970 3378 3033 operatur.
3412 2960 3520 3017 Ubi
3543 2960 3737 3021 anima,

2148 3061 2220 3115 ibi
2244 3061 2350 3114 vita
2380 3078 2393 3114 :
2421 3058 2512 3113 ubi
2537 3073 2598 3114 ea
2630 3058 2887 3124 defuerit,
2922 3057 2997 3113 ibi
3043 3071 3195 3111 mors
3229 3064 3334 3111 est.
3361 3053 3632 3125 Quidquid
3664 3053 3740 3106 iu-

2148 3150 2357 3214 viserit,
2386 3149 2683 3204 exsuscitat
2708 3166 2721 3202 :
2754 3147 3008 3220 quidquid
3049 3145 3350 3217 reliquerit,
3378 3144 3561 3200 statim
3583 3142 3740 3198 solvi-

2150 3252 2237 3298 tur
2264 3254 2316 3298 et
2342 3243 2600 3298 continuo
2622 3242 2907 3296 marcescit
2930 3258 2944 3295 :
2966 3238 3234 3294 infusione
3254 3238 3474 3304 anima),
3502 3244 3737 3290 mortuus

2148 3336 2381 3407 resurgit
2412 3333 2808 3401 ;diseessione,
2842 3334 2995 3388 vivus
3033 3331 3402 3386 exanimatur.
3450 3329 3583 3397 Quis
3614 3340 3737 3398 ergo

2146 3427 2382 3495 dubitet,
2413 3427 2556 3498 quod
2585 3429 2635 3482 ei
2673 3429 2855 3482 inesse
2882 3426 3131 3480 videatur
3162 3421 3589 3478 immortalitatis
3616 3434 3738 3490 ope-

2146 3520 2310 3587 ratio,
2337 3521 2422 3576 cui
2450 3520 2622 3574 virtus
2646 3520 2722 3576 sit
2747 3529 2975 3574 mortem
3008 3516 3296 3573 avertere?
3327 3516 3404 3571 Ea
3436 3524 3618 3570 tamen
3643 3512 3737 3568 sibi

2147 3614 2300 3669 oneri
2329 3624 2434 3679 est,
2465 3612 2711 3682 quamvis
2748 3613 2868 3667 aliis
2899 3610 2968 3665 ad
2997 3625 3152 3665 usum
3183 3607 3476 3664 redundet.
3510 3607 3577 3662 Et
3602 3603 3735 3676 quod

2146 3705 2364 3776 corpori
2397 3704 2584 3770 donat,
2610 3704 2714 3759 sibi
2741 3702 2980 3759 detrahit
3014 3723 3027 3757 :
3059 3709 3313 3772 gravatur
3339 3699 3488 3754 enim
3517 3708 3572 3752 et
3594 3692 3734 3767 quasi

2148 3799 2200 3853 in
2233 3808 2431 3854 terram
2473 3797 2767 3852 inclinatur
2806 3813 2927 3853 cum
2958 3797 3061 3851 isto
3094 3793 3309 3850 mortali
3333 3805 3608 3861 _corpore.
3638 3787 3736 3844 Ita-

2146 3907 2255 3962 que
2286 3890 2393 3945 vita
2423 3888 2694 3961 corporis,
2746 3904 2893 3944 mors
2935 3898 3019 3944 est
3055 3887 3254 3941 anima:
3280 3904 3295 3940 :
3324 3892 3381 3940 et
3403 3897 3595 3938 rursus
3619 3895 3731 3937 coro

2148 3990 2294 4055 poris
2326 4000 2497 4051 mors,
2545 3985 2742 4039 anima:
2769 3985 2991 4040 libertas
3021 3982 3236 4038 videtur
3269 3998 3282 4034 :
3312 3979 3442 4034 dum
3486 3979 3628 4034 enim
3656 3990 3734 4029 sn-

2146 4096 2267 4136 tnus
2297 4080 2348 4135 in
2386 4080 2489 4134 isto
2519 4093 2772 4148 corpore,
2795 4077 2971 4133 servit
3005 4075 3185 4130 anima
3216 4084 3427 4140 nostra,
3459 4086 3526 4127 ac
3553 4069 3732 4126 misera

2145 4172 2362 4242 quidem
2394 4171 2680 4236 servitute,
2707 4185 2813 4240 qua
2840 4168 2911 4223 de
2950 4166 3201 4239 paradiso
3231 4165 3476 4231 exsulat,
3507 4173 3563 4219 et
3592 4179 3621 4217 a
3649 4176 3733 4215 sua

2145 4264 2397 4335 Principe
2421 4264 2817 4334 peregrinatur.
2842 4261 2944 4319 Ubi
2973 4268 3155 4316 autem
3189 4258 3351 4315 fuerit
3382 4256 3540 4313 istius
3569 4252 3733 4311 carnis

2146 4357 2395 4413 ahsoluta
2428 4357 2676 4422 vinculis,
2707 4356 2762 4410 in
2787 4356 2935 4409 illum
2973 4369 3164 4425 purum
3208 4365 3262 4408 et
3292 4350 3634 4422 splendidum
3657 4363 3734 4403 sna

2145 4452 2527 4520 perioremque
2550 4450 2759 4505 revolat
2781 4451 2985 4517 locum,
3007 4457 3171 4519 atque
3196 4446 3351 4502 adesr
3384 4445 3614 4501 Domino
3638 4443 3733 4498 Deo

439 4539 545 4594 lior
573 4538 846 4610 interpres
868 4537 1168 4610 religionis,
1192 4549 1536 4609 contemptor
1559 4541 1772 4606 mortis,
1800 4552 2040 4595 assertor
2067 4532 2121 4592 D
2145 4557 2267 4609 suo,
2309 4553 2730 4612 sanctorumque
2781 4540 3102 4596 habitaculis
3131 4538 3326 4595 fruitur
3367 4546 3425 4593 et
3463 4537 3730 4593 beatorum

438 4630 749 4687 libertatis?
778 4630 1023 4701 Namque
1048 4631 1095 4685 is
1124 4631 1178 4685 in
1210 4631 1304 4685 illo
1332 4641 1593 4702 suggestu
1626 4631 1797 4703 regali
1832 4633 2040 4689 locatus

435 4722 522 4776 cui
577 4722 766 4777 liceret
815 4720 1037 4776 differre
1090 4730 1350 4788 mortem;
1407 4732 1587 4779 tamen
1646 4725 1772 4794 quia
1823 4725 2041 4781 videbat

441 4822 664 4884 propter
708 4823 928 4884 peccata
977 4815 1159 4886 gravia
1220 4815 1588 4885 captivitatem
1650 4818 1821 4887 plebis
1872 4818 2036 4874 Israel

434 4903 713 4971 futuram,
767 4904 913 4960 bello
970 4920 1029 4960 se
1060 4906 1243 4961 alieno
1291 4907 1538 4972 miscuit,
1594 4910 1760 4963 vitam
1817 4909 2032 4981 refugit.

438 4995 715 5052 Clamabat
759 4996 977 5053 Nechao
1019 5017 1031 5052 :
1070 5000 1195 5052 Non
1252 4998 1499 5054 adversus
1546 5010 1595 5056 te
1644 5003 1831 5057 missus
1879 5020 2034 5072 sum,

438 5091 528 5145 sed
573 5093 818 5147 adversus
860 5109 1031 5164 regem
1081 5090 1254 5147 Israel
1326 5093 1410 5164 (ll
1466 5092 1793 5165 Paralipom.
1852 5113 2031 5164 xxxv,

438 5184 543 5249 21,
596 5183 714 5254 2'5)
766 5202 780 5238 :
831 5184 924 5239 ille
982 5191 1161 5239 tamen
1218 5201 1325 5239 non
1383 5186 1531 5255 prius
1569 5188 1837 5255 recessit,
1870 5203 2031 5259 quam

436 5273 697 5329 lethalem
750 5276 964 5345 sagittae
1016 5276 1184 5331 ictum
1254 5278 1482 5333 subiret.
1536 5278 1655 5347 Quo
1707 5281 1858 5337 fusus
1912 5282 2031 5337 vul-

435 5381 600 5433 nere,
637 5367 833 5423 indicio
868 5368 1025 5423 nobis
1078 5377 1193 5435 est,
1243 5377 1423 5424 utrum
1472 5372 1526 5425 itt
1559 5372 1705 5428 bello
1750 5373 2026 5442 meritum,

434 5470 503 5512 an
549 5474 709 5515 casus
760 5460 1163 5533 praeponderet.
1210 5461 1399 5518 Victus
1447 5471 1534 5519 est
1592 5465 1765 5521 losias
1806 5465 1833 5504 ι)
1876 5468 2028 5538 prio-

499 5650 525 5677 ι
568 5638 723 5714 Vet._
739 5640 916 5714 codex
956 5640 1133 5714 Silere.
1182 5643 1454 5714 Josephus
1484 5646 1550 5703 de
1586 5647 1720 5705 Bell.
1752 5648 1881 5705 Jud.
1919 5648 2014 5705 lib.

419 5721 512 5775 vn,
542 5723 661 5779 cap.
695 5711 786 5775 38,
817 5711 1012 5781 Sylvw.
1045 5713 1213 5769 BARR.

2144 4638 2347 4707 gaudet
2390 4635 2679 4692 consortiis
2721 4654 2735 4690 :
2785 4634 2933 4706 quod
2975 4634 3175 4690 nullam
3214 4632 3327 4704 jam
3376 4632 3577 4687 habeat
3621 4642 3729 4686 cum

2144 4737 2359 4785 mortuo
2403 4729 2741 4794 societatem,
2790 4737 2847 4783 et
2881 4725 3301 4782 contubernium
3333 4734 3355 4761 ε
3383 4722 3731 4779 cadaveribus

2143 4822 2521 4892 tlerelichrit,
2549 4822 2753 4892 aspirct
2782 4822 2831 4877 ei
2857 4822 3099 4877 caelestis
3125 4819 3318 4890 gratia,
3355 4832 3460 4873 nec
3486 4817 3594 4872 ulla
3624 4827 3729 4871 eam

2142 4930 2395 4971 curarum
2423 4916 2779 4971 humanarum
2806 4914 3063 4969 sollicitet
3083 4910 3402 4981 exagitatio.
3425 4909 3631 4965 Indicio
3651 4920 3732 4962 tto-

2140 5007 2223 5063 bis
2252 5017 2338 5064 est
2365 5010 2542 5077 quies,
2574 5016 2828 5077 quantam
2877 5006 3058 5060 anima
3102 5019 3196 5074 per
3240 5002 3458 5057 obitum
3490 4998 3731 5074 corporis

2144 5108 2385 5155 resumat
2434 5099 2664 5169 gratiam
2710 5117 2723 5153 :
2771 5100 2950 5169 sopito
2992 5096 3138 5153 enim
3183 5109 3436 5165 corpore,
3485 5103 3542 5149 et
3592 5090 3729 5163 quasi

2144 5193 2373 5248 mortuis
2402 5192 2520 5262 ejus
2553 5192 2944 5263 cupiditatibus
2979 5201 3147 5259 atque
3177 5186 3451 5242 universis
3481 5185 3728 5247 motibus,

2140 5300 2262 5342 cum
2308 5286 2513 5341 sanctis
2554 5286 2755 5357 sacpius
2803 5298 3197 5340 conversamur
3226 5300 3238 5336 :
3268 5280 3567 5357 recipimus
3606 5292 3730 5350 quos

2138 5377 2424 5433 amisimus
2458 5395 2470 5431 :
2505 5386 2564 5432 ut
2587 5378 2745 5433 nobis
2766 5386 2821 5432 et
2846 5376 3106 5433 absentes
3127 5375 3329 5440 adsint,
3358 5384 3416 5430 et
3442 5354 3637 5429 mortui
3664 5371 3730 5424 vi-

2139 5477 2288 5537 vant,
2318 5478 2376 5525 et
2405 5470 2585 5525 omnis
2627 5468 2871 5540 quiescat
2918 5468 3095 5525 dolor.
3141 5466 3655 5540 Appropinquemus
3681 5471 3728 5518 et

2199 5647 2227 5687 ι)
2254 5649 2489 5704 Piorum.
2509 5649 2593 5713 In.

2210 5719 2555 5791 C‘Cadaveris.
2582 5720 2659 5777 In.

3618 6090 3906 6234 -..Δ
