3948 6354
95 356 228 415 99.01

1013 362 1287 420 HISTOR.
1332 365 1420 421 DE
1459 363 1741 421 EXCIDIO
1782 362 2054 421 HIEROS.
2097 362 2300 420 URBIS
2336 362 2465 419 LIB.
2509 362 2573 419 γ.

3294 366 3440 424 2202

95 471 532 531 confabulemur
565 474 699 539 Deo.
728 489 1126 547 cognoscamus
1155 477 1358 534 futura.
1397 478 1622 536 All‘ectis
1645 494 1730 535 re-
1756 480 1809 543 Α
1835 486 1923 535 tus
1948 477 2041 547 sit,
2074 479 2162 550 qui
2187 487 2318 535 ante
2349 477 2714 549 prtesidebat?
2757 478 2889 547 Quis
2912 478 3017 536 hoc
3043 478 3278 547 dubitet,
3313 496 3436 537 cum

95 567 275 637 quies,
333 567 530 622 servis
586 568 811 624 libertas
854 569 946 623 sit.
994 570 1150 637 Quod
1185 572 1352 643 igitur
1390 571 1727 628 dormientes

102 659 475 729 somniamus,
522 659 634 715 hoc
676 661 915 718 defuncti
966 663 1358 734 adipiscimur:
1395 664 1624 737 etquod
1669 664 1726 720 in

100 766 294 808 somno
336 751 559 824 imago,
599 753 782 809 hocin
825 767 1002 812 morte
1027 757 1277 812 veritatis
1306 758 1492 828 passio
1522 768 1627 825 cst,
1673 771 1729 814 et

97 844 373 900 libertatis
417 846 631 916 gratia.
662 845 816 903 Unde
867 852 1145 905 nonnullis
1174 851 1426 921 gentibus
1461 866 1576 907 mos
1619 860 1724 918 est,

99 947 153 993 ut
197 947 357 993 ortus
392 937 696 995 hominum
728 941 965 1009 ﬂetibus,
1013 958 1237 1000 occasus
1277 944 1489 1016 gaudiis
1537 960 1728 1016 prose-

100 1043 338 1104 quantur
367 1050 382 1090 :
414 1034 576 1104 quod
607 1035 727 1090 illos
749 1035 816 1091 ad
845 1052 1142 1092 aerumnam
1165 1046 1457 1108 generatos
1478 1038 1723 1107 doleant,

100 1128 196 1183 hos
224 1127 294 1182 ad
344 1128 764 1185 beatitudinem
809 1131 1039 1187 rediisse
1084 1133 1428 1202 gratulentur
1460 1150 1473 1186 :
1506 1132 1725 1187 illorum

99 1223 303 1277 animas
333 1222 405 1277 ad
457 1223 790 1278 servitutem
835 1225 1050 1281 venisse
1081 1225 1463 1297 ingemiscant,
1496 1226 1724 1280 istorum

103 1314 164 1370 ad
192 1315 515 1372 libertatem
573 1316 834 1372 remissas
878 1316 1171 1389 gaudeant.
1201 1317 1458 1383 ludorum
1508 1332 1725 1389 quoque

105 1410 379 1480 sapientes
412 1410 703 1475 feruntur,
743 1425 866 1466 cum
919 1410 1184 1466 moriendi
1238 1410 1493 1466 affectum
1530 1410 1727 1466 indue-

106 1502 226 1569 rint,
260 1504 571 1572 protestari
604 1502 749 1572 quod
796 1502 1082 1559 discedere
1109 1503 1298 1569 velint,
1329 1519 1509 1574 neque
1554 1504 1723 1559 ullum

106 1595 446 1665 obstrepere.
484 1594 704 1652 Deinde
736 1596 824 1650 ubi
867 1605 1160 1666 apparatus
1200 1596 1395 1654 mortis
1432 1597 1721 1667 processit,

111 1687 314 1743 insilire
348 1690 513 1743 laetos
546 1688 833 1744 ardentem
862 1703 1078 1760 pyram,
1110 1698 1163 1744 et
1191 1688 1491 1744 astantibus
1516 1688 1723 1744 valedi-

108 1795 223 1837 cere
256 1799 270 1834 :
302 1780 507 1837 dolere
527 1780 817 1847 mulieres,
845 1781 999 1852 quasi
1031 1780 1272 1836 subsidio
1294 1780 1607 1847 destitutas,
1637 1781 1723 1834 vel

1830 571 2032 639 videat,
2063 572 2207 642 quod
2240 571 2293 626 in
2340 586 2441 627 nos
2481 585 2766 626 conversa:
2811 587 3004 626 manus
3046 582 3249 629 nostrm
3283 574 3435 630 sint:

1829 664 2119 736 pluresque
2150 665 2347 720 seditio
2378 664 2701 731 domestica,
2731 679 2893 735 quam
2923 665 3130 720 bellum
3156 666 3436 723 exstinxe-

1830 757 1935 812 rit?
1955 756 2070 812 Non
2094 757 2313 812 donabo
2334 756 2594 813 Romanis
2620 757 2763 829 quod
2784 757 3037 823 vicerint,
3069 772 3171 814 nec
3198 759 3301 829 ipsi
3328 759 3434 815 sibi

1828 849 1932 905 hoc
1957 848 2274 917 vindicant,
2321 850 2413 921 qui
2455 849 2636 905 sciunt
2665 850 2807 921 quod
2838 865 3031 906 omnes
3060 850 3175 908 fere
3222 854 3424 908 nostris

1834 942 2010 1012 potius
2049 942 2239 1009 armis,
2268 957 2430 1011 quam
2475 942 2672 998 alienis
2718 944 3061 1013 perierimus.
3100 944 3231 1013 Qua:
3282 946 3429 1001 enim

1830 1034 2074 1089 Romana
2111 1049 2259 1089 arma
2288 1034 2545 1091 viderunt
2582 1035 2889 1090 Caesaream
2939 1036 3306 1092 inhabitantes
3331 1036 3431 1092 Ju-

1829 1126 1968 1183 daei?
2004 1126 2246 1195 Quorum
2298 1126 2497 1183 feriato
2543 1128 2632 1184 die
2681 1127 2916 1197 sabbati,
2961 1129 3105 1185 inter
3150 1130 3427 1187 solemnes

1828 1231 2139 1277 nostrorum
2193 1236 2474 1277 sacrorum
2528 1225 2745 1291 cultus,
2806 1223 3101 1280 multitudo
3145 1224 3428 1296 gentilium

1827 1314 2249 1370 Caesariensium
2289 1315 2578 1385 repentino
2623 1316 2855 1386 quodam
2902 1316 3131 1387 impetu,
3163 1326 3219 1371 et
3260 1315 3428 1371 misso

1827 1406 2062 1478 desuper
2089 1406 2276 1463 furore
2305 1421 2594 1474 succensa,
2629 1408 2817 1479 viginti
2867 1407 3032 1463 millia
3065 1406 3289 1475 delevit,
3315 1422 3436 1463 om-

1828 1516 1924 1557 nes
1950 1500 2170 1572 fngavit,
2209 1511 2267 1555 ut
2312 1508 2485 1555 totam
2515 1501 2702 1555 urbem
2749 1501 3079 1557 exinaniret.
3111 1500 3303 1556 Nonne
3330 1499 3434 1573 Sy-

1827 1596 1963 1651 riam
2015 1603 2180 1650 totam
2210 1593 2238 1633 ι)
2269 1593 2491 1665 quidem
2544 1593 2800 1664 implevit
2842 1592 3137 1661 dementia,
3172 1603 3229 1649 nt
3253 1593 3428 1649 Judmi

1824 1696 1985 1758 atque
2034 1687 2268 1758 gentiles
2308 1687 2361 1741 in
2402 1685 2597 1742 iisdem
2647 1686 2872 1741 urbibus
2901 1686 3016 1755 siti,
3058 1696 3114 1741 et
3160 1687 3433 1741 incolatus

1824 1782 1998 1852 gratia
2031 1781 2135 1837 sibi
2165 1782 2315 1851 prius
2344 1781 2491 1847 nexi,
2524 1789 2711 1852 postea
2746 1781 2889 1835 inter
2917 1795 2976 1835 se
3005 1780 3173 1835 armis
3199 1779 3427 1836 collide-

111 1874 303 1929 liberos
348 1874 629 1945 parvulos
680 1874 823 1944 quod
856 1874 1343 1945 derelinquantur;
1393 1873 1720 1929 benedicere
1749 1870 1796 1930 B
1826 1885 2036 1940 rentur,
2063 1890 2171 1946 quo
2201 1875 2463 1929 Romanis
2489 1874 2685 1930 vadum
2718 1874 2914 1930 futura:
2949 1874 3194 1930 victoria:
3225 1875 3429 1930 consti-

110 1967 258 2033 alios,
293 1982 399 2023 nec
431 1967 715 2032 invidere,
746 1967 892 2037 quod
942 1966 1009 2022 ad
1063 1968 1317 2023 meliores
1362 1966 1718 2029 habitatores.

110 2059 168 2113 ad
196 2060 581 2130 Splendidiora
609 2060 731 2116 loca
765 2062 1097 2132 purioraque
1120 2060 1376 2116 festinent
1418 2061 1717 2116 consortia.

111 2151 238 2219 Quid
266 2151 434 2223 igitur
455 2152 529 2208 de
551 2152 716 2208 vobis
743 2152 889 2208 aliud
919 2167 1165 2224 possum,
1188 2169 1311 2209 cum
1336 2152 1499 2207 etiam
1530 2152 1723 2207 barba—

113 2244 179 2299 ris
208 2245 468 2315 gentibus
500 2245 819 2301 libertatem
848 2246 1117 2316 sequendi
1155 2261 1302 2301 mors
1331 2246 1441 2301 sit?
1471 2246 1588 2302 Jam
1616 2247 1718 2302 du-

113 2336 230 2392 dum
264 2340 453 2412 itaque
480 2356 592 2397 vos
622 2342 829 2413 optime
874 2342 1006 2396 mihi
1046 2344 1317 2413 cognitos,
1369 2354 1421 2399 et
1460 2344 1721 2399 institutis

119 2431 295 2498 patriis
321 2433 677 2504 respondere
708 2444 947 2504 paratos,
974 2436 1116 2502 quod
1143 2449 1318 2507 neque
1341 2435 1604 2491 Romanis
1628 2451 1719 2492 ne-

115 2536 209 2590 que
233 2525 489 2594 cuiquam
524 2526 703 2596 genti,
749 2525 853 2581 nisi
897 2527 999 2581 soli
1036 2527 1145 2581 Deo
1174 2527 1518 2583 serviendum
1560 2538 1718 2599 pute-

121 2614 196 2679 tis,
224 2618 311 2687 qui
343 2618 500 2672 Snlns
521 2618 712 2690 justus
757 2629 812 2674 et
840 2634 1001 2675 verus
1041 2623 1281 2676 omnium
1316 2622 1579 2678 Dominus
1624 2624 1714 2679 sit.

121 2706 233 2762 Dies
258 2709 505 2777 advenit,
557 2711 657 2782 qui
687 2712 921 2783 probare
949 2712 1206 2783 operibus
1237 2715 1569 2770 voluntatem
1598 2716 1716 2770 cxi-

119 2809 217 2869 gat;
250 2818 347 2859 nec
384 2805 768 2861 dehonestare
812 2808 1018 2863 veteris
1050 2807 1250 2863 indolis
1297 2809 1714 2876 claritudinem;

122 2901 171 2947 ut
211 2896 260 2950 in
312 2898 567 2954 libertate
625 2899 822 2970 geniti,
873 2900 1233 2957 dominationi
1286 2917 1383 2957 vos
1435 2902 1716 2958 hominum

124 2988 407 3059 subjiciatis
443 3010 455 3047 :
488 2993 808 3063 praesertim
851 3008 972 3047 cum
1008 2994 1227 3049 licuerit
1257 2995 1410 3050 vobis
1438 3003 1566 3051 ante
1595 3011 1715 3051 scr-

124 3081 226 3138 vire
248 3086 329 3140 vel
358 3084 483 3141 sine
515 3085 792 3155 periculo,
828 3101 971 3140 nunc
1002 3094 1182 3141 autem
1218 3102 1443 3143 necesse
1486 3089 1558 3143 sit
1582 3089 1714 3143 dura

125 3177 367 3246 supplicia
412 3180 705 3251 suscipere
750 3193 873 3233 cum
922 3181 1186 3235 servitute
1221 3199 1232 3234 :
1264 3183 1308 3235 si
1343 3181 1712 3237 Romanorum

1828 1970 2110 2025 tueretur?
2140 1969 2272 2024 Nam
2308 1969 2435 2039 quid
2464 1969 2533 2023 de
2578 1968 2894 2040 Scythopoli
2925 1969 3136 2040 loquar,
3192 1983 3299 2038 quo
3324 1967 3424 2023 Ju-

1823 2064 1924 2119 dmi
1958 2066 2131 2134 primo
2156 2063 2578 2131 contenderant,
2614 2076 2670 2118 ut
2709 2062 2968 2134 gentilem
3002 2063 3258 2135 populum
3287 2079 3430 2134 pra:-

1824 2158 2091 2227 veuirent,
2126 2173 2191 2213 ne
2217 2158 2349 2228 quid
2394 2155 2658 2212 adversus
2700 2167 2938 2226 nostros,
2984 2157 3235 2226 exemplo
3261 2164 3425 2212 caete-

1824 2266 2007 2307 rarum
2037 2249 2277 2315 urbium,
2300 2248 2787 2304 machinarentnr?
2813 2248 2997 2318 Itaque
3023 2263 3161 2318 quos
3186 2263 3282 2318 par
3304 2247 3425 2312 fuit,

1822 2343 2126 2412 conjunctis
2149 2343 2438 2396 adversum
2458 2339 2791 2411 alienigenas
2805 2340 3036 2408 viribus,
3064 2339 3427 2406 bello.dccer-

1824 2451 1987 2501 nere;
2024 2436 2140 2490 haec
2179 2450 2210 2491 e
2240 2435 2520 2490 contrario
2552 2433 2841 2489 adversum
2874 2449 2932 2488 se
2955 2431 3131 2488 Judaei
3165 2431 3423 2488 decreve-

1822 2537 1968 2595 runt,
2000 2537 2058 2582 ut
2089 2542 2215 2598 pars
2240 2543 2430 2583 eorum
2469 2526 2736 2581 adversus
2767 2533 3030 2595 cognatos
3060 2535 3113 2579 et
3143 2526 3422 2595 proximos

1823 2639 1951 2680 suos
1985 2624 2351 2694 prmliaretur.
2399 2622 2606 2677 Deinde
2643 2622 2747 2690 ipsi
2796 2636 2892 2691 pro
2922 2621 3100 2690 pretio
3135 2619 3336 2674 laboris
3366 2634 3421 2694 el

1821 2716 2056 2787 impensi
2085 2716 2385 2788 sanguinis,
2415 2731 2445 2770 a
2486 2716 2780 2787 gentilibus
2823 2715 3240 2785 perimerentur,
3273 2710 3417 2782 quod

1822 2809 2223 2880 prohibuerunt
2253 2810 2353 2879 ipsi
2399 2809 2516 2864 fieri
2562 2808 2880 2880 gentilibus.
2912 2807 3227 2862 Damasceni
3272 2804 3417 2859 nulla

1821 2901 2116 2956 cxsistente
2168 2916 2365 2966 causa,
2401 2911 2422 2939 ε
2459 2911 2584 2956 octo
2635 2900 2801 2955 millia
2845 2899 3157 2955 Judteorum
3207 2908 3423 2953 straveo

1822 3003 1974 3049 runt.
2024 2993 2356 3048 Ascalonita:
2402 2992 2512 3047 duo
2559 2993 2724 3047 millia
2773 2993 3121 3063 quingentos.
3172 2988 3231 3044 In
3283 2989 3417 3045 urbe

1821 3102 2037 3158 quoque
2085 3086 2173 3141 cui
2228 3087 2525 3142 Ptolemais
2570 3101 2812 3153 nomen,
2869 3099 3006 3140 cresa
3054 3082 3162 3137 duo
3223 3082 3416 3137 millia.

1822 3179 2165 3235 Alexandrite
2194 3195 2325 3235 vero
2350 3189 2506 3235 vetus
2550 3190 2668 3234 erat
2711 3179 2894 3234 odium
2945 3179 3086 3233 inter
3111 3176 3331 3232 Judatos
3364 3184 3420 3231 et

125 3266 328 3337 imperio
369 3274 682 3328 servituros
726 3287 825 3328 nos
869 3272 1184 3340 offeramus,
1221 3289 1358 3344 quos
1391 3275 1548 3344 primi
1591 3291 1711 3332 om-
1745 3260 1790 3322 Ο
1821 3274 2062 3345 gentium
2114 3274 2366 3343 populos,
2421 3288 2489 3328 ex
2520 3287 2627 3343 quo
2666 3271 2973 3327 Alexander
3017 3271 3239 3338 Magnus
3288 3281 3418 3322 usus

125 3361 254 3417 nium
286 3365 426 3420 bello
455 3365 845 3422 lacessivimus
874 3375 928 3420 et
956 3365 1131 3421 ultimi
1162 3367 1340 3423 adlme
1367 3368 1535 3422 armis
1566 3379 1717 3425 tene-

126 3469 250 3521 mus,
283 3458 599 3529 imperatori
656 3473 764 3513 non
812 3457 1063 3513 dedimus
1111 3476 1303 3514 manus
1344 3475 1532 3531 pacem
1583 3461 1717 3517 olfe-

127 3548 273 3615 renti,
318 3551 483 3622 Sylla:
526 3550 792 3607 dabimus
835 3551 1188 3608 acerbitatem
1236 3553 1497 3608 minanti?
1525 3553 1569 3611 Ο
1608 3555 1714 3608 mi-

126 3639 237 3706 seri,
270 3642 333 3696 ad
361 3660 524 3714 quam
557 3659 719 3717 spem
767 3644 923 3700 iSIius
952 3646 1076 3701 vita:
1127 3662 1227 3701 nos
1274 3648 1714 3704 reservavimus?

130 3728 256 3797 listo,
306 3734 477 3794 lmstis
527 3739 783 3810 ignoscat
816 3755 830 3792 :
862 3739 989 3807 quid
1044 3740 1305 3808 proderit,
1338 3755 1459 3795 cum
1504 3740 1713 3796 offensa

130 3820 211 3877 Dei
237 3826 372 3882 clara
420 3830 533 3885 sit?
585 3832 748 3900 ignes
778 3829 847 3883 ab
879 3829 1036 3886 hoste
1066 3832 1117 3886 in
1161 3846 1260 3887 nos
1293 3833 1452 3898 versi,
1502 3841 1713 3888 mutata

129 3926 385 3975 ventorum
413 3920 665 3987 flamina,
689 3921 922 3976 flammae
953 3932 1196 3991 retortaa,
1227 3934 1284 3978 ut
1321 3935 1504 3979 nostra
1535 3926 1714 3980 subsi-

131 4005 204 4062 dia
242 4012 624 4071 denrcrentur.
680 4014 813 4082 Quis
852 4016 1053 4085 poterit
1101 4016 1423 4071 advvrsante
1468 4016 1580 4071 Deo
1634 4018 1714 4071 vi-

134 4105 273 4159 vere?
319 4106 511 4166 Nullus
550 4110 729 4166 venite
767 4111 938 4173 locus,
993 4108 1089 4165 sed
1147 4110 1491 4165 manifestum
1544 4113 1713 4182 impe—

132 4193 251 4250 rium
282 4202 468 4256 mortis
496 4203 848 4258 voluntariae.
883 4202 1024 4271 Quid
1063 4204 1209 4257 enim
1240 4219 1345 4257 nox
1387 4203 1706 4271 intervenit,

134 4284 220 4340 nisi
245 4300 297 4345 ut
322 4308 419 4349 nos
447 4296 624 4351 hostis
656 4310 766 4349 non
798 4295 1152 4364 praeveniret,
1188 4304 1212 4332 α
1247 4304 1336 4349 aut
1367 4294 1563 4351 deusto
1593 4312 1711 4349 mu-

132 4379 215 4433 rali
256 4385 514 4452 subsidio,
568 4386 830 4443 continuo
884 4388 1214 4457 irrumperet
1247 4405 1260 4442 :
1294 4388 1388 4441 sed
1444 4397 1500 4441 ut
1555 4387 1709 4441 nobis

134 4478 422 4533 exercendm
437 4490 641 4536 mutua:
661 4481 812 4535 necis
830 4492 1044 4551 tempus
1062 4489 1466 4543 reservaretur,
1490 4480 1708 4536 liceret-

132 4577 223 4629 que
264 4582 378 4624 cum
410 4572 599 4628 liberis
650 4573 874 4635 nOstris,
909 4582 964 4628 et
998 4573 1494 4628 necessitudinibus
1534 4572 1703 4639 mori;

1818 3377 1902 3421 est
1952 3366 2135 3421 studio
2183 3364 2496 3421 Judteorum
2550 3365 2617 3418 ad
2659 3362 2949 3434 Egyptios
2995 3360 3412 3432 subjiciendos:

1817 3457 1963 3513 unde
1990 3458 2210 3513 condita
2240 3458 2372 3513 urbe
2413 3473 2476 3513 ex
2518 3472 2673 3526 :equo
2700 3456 2904 3512 Judauis
2935 3466 2988 3510 et
3020 3454 3291 3525 Egyptiis
3333 3462 3415 3507 at-

1816 3556 2016 3609 tributa
2043 3555 2326 3625 privilegia
2356 3565 2409 3610 et
2433 3554 2797 3610 habitationes
2825 3554 3082 3618 diversm,
3126 3567 3194 3607 ne
3220 3566 3410 3607 eorum

1814 3646 1994 3702 cultus
2039 3647 2462 3717 permisceretur
2492 3665 2505 3702 :
2538 3648 2627 3719 qui
2670 3647 3081 3718 purificationes
3122 3661 3249 3702 suas
3296 3646 3416 3699 sine

1817 3740 1925 3795 ulla
1948 3741 2201 3797 volebant
2225 3741 2549 3811 contagione
2573 3756 2812 3795 servare.
2843 3740 2978 3794 llinc
3003 3739 3317 3806 frequenter
3333 3738 3416 3792 in-

1817 3843 1898 3889 ter
1924 3851 2018 3890 eos
2046 3835 2331 3890 conflictus
2356 3834 2506 3890 fuere
2525 3876 2538 3899 ,
2579 3841 2767 3888 exorta
2795 3833 2969 3904 jurgia
2991 3874 3005 3898 ,
3030 3831 3294 3902 judicintu
3320 3845 3412 3900 pe-

1816 3928 1995 3981 titum.
2024 3927 2169 3983 Nihil
2199 3936 2378 3982 tamen
2419 3942 2486 3981 ex
2529 3925 2666 3980 tanti
2714 3926 2857 3995 regis
2890 3931 3213 3978 tenteratutn
3245 3921 3416 3991 liquet

1812 4020 1980 4075 fuisse
2020 4018 2317 4081 beneficiis.
2350 4019 2443 4073 sed
2476 4026 2666 4088 postea
2706 4033 2734 4069 a
2784 4015 3077 4086 gentilibus
3110 4020 3302 4067 exorto
3331 4021 3413 4066 tu-

1813 4116 2011 4180 multu,
2042 4128 2164 4169 cum
2188 4112 2502 4168 Judzeorum
2534 4110 2712 4164 necati
2743 4108 2932 4178 aliqui,
2969 4107 3062 4161 alii
3096 4105 3160 4160 ad
3190 4120 3407 4176 ptenam

1813 4208 2211 4269 detinerentur,
2262 4204 2457 4274 injuria
2511 4214 2717 4258 mutum
2764 4201 3078 4257 Judzeorum
3124 4198 3406 4269 populum,

1810 4301 2100 4356 adversum
2124 4309 2375 4353 auctores
2406 4298 2621 4367 injuria!
2644 4295 3004 4351 insurrcxisse
3025 4312 3039 4360 ;
3064 4303 3118 4349 et
3147 4309 3268 4349 cum
3290 4308 3412 4363 per—

1814 4394 2043 4449 tinacius
2083 4407 2143 4447 se
2188 4392 2255 4447 de
2292 4391 2502 4446 civibus
2533 4390 2703 4444 ultum
2747 4390 2813 4443 iri
2851 4388 3076 4451 vellent,
3129 4387 3407 4442 inductum

1812 4488 2115 4543 exercitum
2144 4485 2475 4549 Romanum,
2515 4483 2609 4554 qui
2640 4484 2917 4554 sesaginta
2948 4480 3257 4536 .Iudteornm
3290 4481 3413 4533 mil-

1810 4579 1880 4633 lia
1921 4579 2060 4633 intra
2106 4578 2296 4632 urbem
2326 4576 2541 4632 fuderit.
2590 4574 2795 4631 Verum
2845 4572 2970 4643 quid
3018 4573 3071 4627 in
3118 4572 3413 4627 levioribus

135 4671 190 4711 ne
212 4663 507 4723 videremus
531 4668 760 4724 anhelos
787 4681 949 4724 senes
969 4682 1216 4737 anusque
1242 4682 1271 4721 a
1301 4667 1559 4722 Romanis
1586 4682 1707 4736 per—
1732 4654 1787 4714 D
1812 4687 2017 4737 moror,
2050 4687 2170 4725 cum
2202 4669 2471 4726 excidium
2502 4670 2665 4723 totius
2697 4668 2869 4732 orbis,
2910 4667 2964 4720 in
2987 4665 3147 4719 unius
3177 4662 3416 4721 civitatis

135 4752 289 4821 trahi,
337 4760 691 4816 charissimas
728 4761 988 4832 conjuges
1032 4760 1102 4814 ad
1152 4759 1379 4814 victoris
1424 4757 1705 4813 libidinem

134 4844 275 4912 rapi?
319 4847 757 4907 Commoriamur
801 4855 1015 4922 patrita,
1058 4867 1127 4907 ne
1173 4852 1345 4906 sinms
1384 4852 1708 4921 superstites

135 4937 248 4990 tanti
275 4939 559 4999 dedecoris
586 4944 902 5015 opprobrio.
938 4943 1057 5012 Quo
1086 4943 1251 5014 igitur
1275 4944 1538 5014 fugiemus
1563 4958 1592 4997 a
1623 4943 1707 4997 fa-

133 5023 201 5077 cie
223 5026 333 5099 Dei,
364 5043 457 5089 aut
487 5052 599 5106 quo
626 5037 827 5092 ibimus
857 5035 1072 5092 infenso
1103 5036 1262 5091 nobis
1291 5036 1416 5091 coeli
1441 5036 1712 5092 Domino?

135 5112 181 5168 Si
205 5122 385 5179 cadant
423 5143 589 5200 super
636 5147 736 5186 nos
774 5140 989 5185 montes
1032 5141 1088 5186 et
1126 5130 1384 5185 concavis
1432 5131 1703 5201 specubus

134 5208 463 5287 abscondant,
512 5224 791 5293 quomodo
843 5233 1025 5279 tamen
1077 5224 1378 5296 poterimus
1428 5223 1706 5281 declinare

137 5297 535 5376 indignationem
579 5324 748 5371 tanta:
778 5315 1105 5384 potestatis?
1147 5315 1269 5385 Quo
1306 5316 1451 5371 enim
1486 5331 1709 5387 progre—

135 5392 342 5470 diemnr,
377 5407 464 5462 ubi
492 5424 598 5464 non
628 5413 698 5467 sit
729 5411 895 5475 Deus,
926 5426 1049 5465 runt
1093 5410 1293 5480 ubique
1322 5410 1440 5480 ipse
1471 5410 1584 5465 sit?
1625 5414 1706 5465 An

138 5488 404 5553 mediocria
444 5504 693 5573 exempla
739 5510 888 5569 sunt,
939 5502 1135 5573 quibus
1184 5503 1504 5567 doceamur,
1561 5503 1705 5572 quod

133 5574 227 5643 iam
254 5585 447 5647 dudum
482 5597 632 5666 genti
669 5604 873 5654 nostra:
906 5610 1005 5669 pro
1032 5594 1276 5665 peccatis
1305 5595 1508 5651 nostris
1537 5594 1704 5651 infes-

200 5770 222 5830 ῗ
242 5762 366 5822 Nec.
390 5769 572 5830 Rana-

206 5826 234 5866 δ
256 5826 618 5901 ρυωααὶἠῗιβ.

1810 4766 1965 4820 ruina
1991 4763 2386 4835 deplorandum
2411 4762 2567 4818 nobis
2594 4761 2704 4817 sit?
2727 4760 2828 4817 Ubi
2857 4770 2939 4814 est
2961 4758 3195 4814 maxima
3217 4759 3413 4813 civitas

1813 4858 2191 4915 llierusalcm‘!
2220 4857 2311 4912 ubi
2350 4855 2552 4912 decora
2607 4855 2764 4920 Sion,
2820 4853 2909 4908 ubi
2942 4853 3199 4923 templum
3250 4851 3415 4906 mira-

1811 4952 1941 5017 bile,
1974 4952 2063 5006 ubi
2106 4952 2407 5007 secundum
2444 4949 2575 5005 illud
2620 4947 3055 5015 tabernaculum,
3106 4946 3414 5001 sanctitatis

1810 5047 2109 5100 sacrarium
2143 5087 2156 5110 ,
2189 5061 2298 5116 quo
2330 5043 2497 5100 semel
2531 5043 2584 5098 in
2609 5058 2755 5097 anno
2781 5043 2932 5097 solus
2955 5041 3211 5111 princeps
3233 5055 3416 5096 sacer-

1810 5138 1996 5195 dotum
2030 5140 2245 5195 solebat
2275 5141 2501 5204 intrare,
2530 5153 2635 5191 non
2667 5138 2785 5190 sine
2813 5136 3101 5207 sanguine.
3130 5150 3288 5206 quem
3312 5148 3414 5206 pro

1814 5246 1874 5287 se
1895 5230 2118 5287 offerret
2161 5243 2215 5287 et
2259 5246 2354 5302 pro
2385 5229 2564 5301 populi
2606 5228 2844 5282 delicto?
2874 5226 3223 5281 Profanatmn
3266 5236 3347 5282 est
3380 5241 3410 5280 a

1814 5324 2089 5396 gentibus,
2133 5324 2385 5380 habitant
2418 5322 2471 5377 in
2522 5320 2774 5391 reliquiis
2815 5319 2963 5375 urbis
3020 5320 3108 5389 qui
3155 5333 3275 5373 eam
3320 5317 3415 5372 de-

1814 5426 2153 5471 struxerunt.
2190 5415 2313 5481 Ubi,
2337 5416 2578 5483 inquam,
2608 5427 2689 5477 es,
2724 5410 2915 5467 civitas
2940 5409 3142 5467 referta
3175 5409 3413 5480 populis,

1811 5507 2144 5564 venerabilis
2171 5507 2411 5576 regibus,
2450 5503 2806 5574 acceptabilis
2834 5504 2967 5569 Deo,
2995 5500 3183 5572 gratia:
3207 5498 3414 5553 sedes?

1813 5599 2133 5655 Pavimenta
2182 5608 2270 5652 tua
2297 5596 2366 5657 de
2412 5610 2709 5663 marmore,
2755 5595 2990 5664 parietes
3028 5593 3101 5649 tui
3141 5592 3412 5663 fulgentes

1896 5788 1918 5815 ο
1938 5776 2227 5848 Josephus,
2260 5775 2545 5832 octodecim
2573 5778 2758 5834 millia.
2780 5777 2859 5834 In.
