3948 6356
512 322 656 384 9205

1838 330 2083 388 SANC'I‘I
2104 329 2445 409 annos"

3659 337 3769 391 ἴ(ὶί

510 441 804 515 marmore,
857 448 1093 504 eulmina
1135 459 1221 506 tua
1276 452 1518 522 pretioso
1554 449 1919 523 Splendebant
1962 462 2103 504 mar-
2133 449 2182 509 Λ
2211 446 2421 501 ciainur
2448 462 2544 516 per
2569 446 2831 519 flagitium
2863 466 2876 503 :
2913 449 3019 504 hoc
3046 447 3241 506 suadet
3268 449 3521 516 affectus,
3546 452 3667 507 illud
3689 455 3774 509 vic-

508 551 680 603 more,
726 550 897 609 portze
939 550 1045 598 tuae
1071 544 1336 600 micantes
1363 560 1519 612 auro,
1550 546 1672 601 alia:
1700 552 1929 614 argento
1958 542 2103 597 reni-

508 638 709 688 tentes.
740 633 944 691 Omnes
973 635 1268 704 interfecti,
1309 650 1360 693 et
1389 640 1481 708 qui
1529 647 1584 695 te
1608 638 1809 709 iugiter
1839 636 2110 705 inhabita—

510 726 657 796 bant,
687 735 744 783 et
763 730 853 797 qui
882 729 949 785 ad
978 739 1031 786 te
1064 747 1129 788 ex
1177 735 1343 788 totius
1381 735 1533 789 orbis
1571 743 1838 790 terrarum
1865 731 2109 802 partibus

510 821 949 878 conveniebant:
982 833 1042 879 ut
1070 840 1177 881 non
1203 826 1424 884 dubium
1456 827 1551 894 sit,
1585 836 1756 883 totum
1786 826 1841 883 in
1871 835 1923 881 te
1953 841 2111 881 mun—

506 910 637 966 dmn
667 913 914 983 periisse.
944 915 1153 974 Nudata
1183 921 1389 987 omnia,
1423 937 1452 974 a
1479 920 1814 978 culminibus
1841 926 2108 984 cremata,

509 1019 539 1059 a
592 1006 956 1065 fundamentis
998 1010 1177 1068 diruta
1211 1028 1227 1072 :
1257 1013 1395 1069 facta
1444 1025 1529 1070 est
1578 1014 1841 1071 habitatio
1892 1021 1980 1068 tua
2013 1011 2109 1067 de-

513 1105 684 1161 serta.
707 1114 811 1155 nec
856 1110 940 1156 est
965 1104 1056 1173 qui
1100 1104 1153 1159 in
1188 1104 1555 1161 tabernaculis
1583 1108 1692 1162 tuis
1732 1104 2024 1172 inhabitet;
2059 1112 2117 1160 et

510 1188 686 1245 adhuc
714 1206 1040 1264 quemquam
1066 1196 1253 1253 vivere
1294 1198 1447 1263 libet,
1481 1207 1537 1254 et
1575 1213 1681 1253 non
1712 1198 1913 1254 vixisse
1942 1197 2114 1268 pmui-

513 1283 626 1337 tet?
667 1283 793 1339 Duri
846 1285 992 1342 oculi
1023 1288 1117 1357 qui
1173 1287 1289 1345 haec
1333 1288 1519 1346 videre
1567 1300 1830 1361 possunt;
1874 1289 2114 1345 immites

508 1376 673 1432 animi
706 1378 797 1450 qui
830 1380 970 1435 velle
1012 1394 1266 1452 possunt,
1296 1393 1354 1438 ut
1383 1384 1511 1455 quid
1544 1385 1711 1440 tantis
1747 1384 1988 1455 supersit
2014 1383 2114 1439 do-

508 1469 717 1526 loribus
746 1491 759 1527 :
797 1488 903 1528 non
945 1475 1087 1544 quod
1115 1475 1422 1532 defecerint
1449 1476 1653 1544 clades,
1701 1478 1798 1534 sed
1829 1477 1974 1549 quod
1999 1477 2113 1548 jam

512 1563 657 1618 nulla
687 1564 921 1636 requies.
954 1567 1076 1634 Quo
1103 1569 1248 1624 enim
1291 1569 1746 1627 circumferamus
1774 1570 1989 1636 oculos,
2022 1580 2114 1626 aut

511 1655 639 1723 quid
668 1671 898 1714 cernere
922 1658 1196 1716 delectet?
1225 1661 1366 1718 Urbs
1394 1672 1504 1719 tota
1534 1664 1846 1732 sepulcrum
1873 1672 2116 1718 mortuo-

515 1765 633 1804 rum
665 1758 771 1819 est,
819 1753 949 1807 solre
993 1757 1370 1824 spectantibus
1414 1768 1705 1813 occurrunt
1747 1758 1977 1827 favillae;
2010 1759 2114 1813 viae

2213 545 2359 593 tores
2385 539 2637 611 exigunt.
2672 539 2729 596 Si
2763 541 3016 596 nolumus
3044 543 3270 612 exsequi
3311 543 3665 599 ministerium
3686 546 3773 613 pie-

2213 630 2358 695 tatis,
2382 645 2644 700 cogemur
2665 631 2852 688 subire
2882 648 3094 703 pompa:
3115 633 3463 703 parricidalis
3493 634 3771 691 ludibrium.

2210 722 2540 780 Aaloriantur
2571 741 2723 796 ergo,
2768 726 2913 797 quod
2943 726 3119 797 prosit
3149 727 3342 783 liberis
3373 728 3774 799 conjugihusque

2212 818 2414 872 nostris
2447 835 2461 870 :
2493 818 2539 871 si
2581 818 2911 874 infirmiores
2943 834 3154 887 sumus,
3192 820 3512 876 auferamus
3542 838 3632 876 eos
3660 839 3776 877 cru-

2213 908 2445 964 ciatibus
2482 910 2713 973 futuris;
2748 909 2795 965 si
2819 908 3080 967 fortiores
3111 925 3322 978 sumus,
3356 914 3637 970 vincamus
3658 928 3779 969 com-

2215 1002 2498 1072 passioues
2530 1010 2836 1070 parentum,
2869 1001 3097 1059 affectus
3128 1003 3597 1061 necessitudinum
3630 1023 3643 1059 :
3670 1018 3712 1060 t-t
3736 1008 3776 1061 in

2216 1094 2318 1149 hoc
2350 1094 2629 1150 vincamus
2662 1094 2898 1161 hostem,
2947 1111 3071 1152 cum
3106 1098 3344 1167 prmdam
3394 1099 3650 1154 tollimus.
3687 1099 3778 1155 Hoc

2215 1188 2391 1243 virtus
2437 1187 2630 1259 exigit,
2665 1189 2769 1244 hoc
2817 1190 3012 1246 suadet
3045 1192 3240 1261 pudor.
3273 1193 3389 1248 Non
3440 1193 3630 1249 timere
3657 1210 3774 1248 utor-

2216 1291 2349 1348 tetn,
2382 1284 2551 1338 virtus
2598 1291 2704 1339 est.
2756 1283 2971 1341 Etenim
3024 1285 3091 1340 ad
3135 1295 3368 1342 mortem
3399 1301 3591 1342 omnes
3636 1288 3780 1343 nasci-

2216 1393 2357 1445 mur,
2408 1386 2462 1433 et
2510 1377 2578 1433 ad
2628 1387 2853 1436 mortem
2901 1395 3224 1451 generamus
3279 1381 3520 1447 liberos;
3569 1396 3770 1452 quorum

2217 1486 2365 1524 mors
2413 1480 2621 1526 naturae
2674 1471 3007 1543 assignatur,
3054 1474 3345 1541 captivitas
3390 1476 3593 1545 probro
3629 1476 3780 1530 datur.

2216 1564 2359 1636 Ergo
2384 1583 2518 1639 quos
2546 1584 2657 1623 non
2679 1569 2958 1639 potuimus
2982 1570 3224 1640 periculo
3252 1571 3497 1640 eripere,
3521 1571 3782 1640 eripiamus

2215 1659 2469 1715 ludibrio.
2494 1661 3021 1734 Miseremiuiigitur,
3045 1672 3248 1732 patres,
3268 1664 3589 1729 Iiherornm,
3610 1664 3781 1730 mariti,

2216 1756 2542 1825 coniugum,
2593 1771 2785 1812 omnes
2828 1758 3181 1826 parvulorum
3231 1758 3617 1822 misereantur;
3663 1756 3783 1827 quod

514 1856 698 1897 vacum
728 1845 1050 1912 viventium,
1107 1849 1331 1920 repleta:
1379 1850 1755 1907 cadaveribus.
1805 1850 1990 1908 Miseri
2033 1867 2119 1907 se-
2146 1848 2196 1909 B
2221 1860 2307 1905 est
2339 1851 2670 1919 prmeipuum
2702 1850 2899 1918 nostri,
2931 1849 3059 1904 dum
3092 1859 3176 1904 est
3199 1850 3499 1905 miserandi
3534 1856 3784 1918 potesms:

518 1934 701 1991 niores
722 1937 1058 1994 ciuerulenta
1088 1941 1312 2010 canitie,
1338 1952 1393 1998 et
1417 1944 1594 1999 scisso
1623 1945 1826 1999 amictu
1857 1960 2019 2017 supra
2036 1962 2120 2000 re-

517 2026 713 2096 liquias
746 2041 1082 2087 tnortuorum
1130 2033 1326 2089 sedent
1355 2036 1494 2090 nuda
1539 2045 1787 2107 tegentes
1831 2050 1979 2103 ossa,
2011 2052 2119 2107 quo

518 2118 812 2175 defendant
852 2139 881 2177 a
922 2126 1231 2182 volatilibus
1281 2143 1346 2183 ac
1394 2128 1607 2185 bestiis.
1645 2128 1901 2185 Mulieres
1933 2144 2119 2199 paucas

517 2212 841 2282 incolumes,
867 2232 1000 2287 quas
1031 2219 1189 2275 miles
1223 2219 1420 2291 impius
1448 2221 1513 2274 ad
1554 2221 1972 2292 turpitudinem,
2007 2238 2118 2277 non

518 2304 584 2358 ad
615 2304 778 2360 vitam
806 2312 1130 2366 servaverit.
1164 2312 1296 2382 Quis
1326 2312 1445 2369 haec
1477 2314 1687 2381 videns,
1726 2324 1781 2370 et
1808 2316 1876 2369 de
1903 2330 2121 2385 compe-

518 2398 897 2455 rendinatione
924 2401 1137 2457 vivendi
1168 2404 1435 2475 cogitans,
1475 2406 1676 2461 audeat
1706 2407 1774 2463 ad
1807 2406 2006 2463 cmlum
2046 2407 2122 2461 le-

519 2506 646 2546 vare
676 2493 905 2549 oculos?
934 2496 1070 2565 Quis
1099 2497 1178 2553 sic
1210 2497 1500 2553 immemor
1533 2502 1741 2569 patria,
1778 2500 1951 2554 hostis
1988 2515 2120 2555 suo-

520 2602 660 2652 rum,
693 2589 910 2657 pietatis
947 2591 1180 2654 alienus,
1230 2608 1428 2662 exiiers
1455 2593 1784 2661 dulcedinis,
1828 2596 1983 2666 cujus
2011 2604 2119 2651 tam

520 2676 759 2734 semiviri
804 2679 877 2736 sit
919 2684 1098 2738 mollis
1139 2684 1399 2754 spiritus?
1447 2687 1566 2757 quis
1619 2687 1690 2741 ita
1741 2688 2119 2754 meticulosus.

521 2783 680 2840 quem
716 2787 824 2825 non
858 2773 1054 2843 pudeat
1100 2774 1185 2830 his
1217 2779 1602 2834 reservatum?
1651 2778 1866 2836 Utinam
1896 2780 2120 2852 quidem

519 2863 647 2916 olim
681 2864 916 2922 defuncti
950 2882 1222 2936 essemus,
1257 2879 1352 2924 aut
1389 2870 1435 2924 si
1466 2871 1571 2925 vita
1615 2882 1952 2941 superesset,
1988 2890 2124 2930 ocu-

523 2956 700 3010 lormn
735 2957 917 3013 lumen
951 2962 1225 3030 periisset,
1258 2964 1406 3033 prius
1448 2980 1611 3034 quam
1653 2974 1901 3021 sanctam
1932 2968 2123 3024 urbem

521 3045 759 3101 dirutam
796 3050 1029 3105 hostium
1062 3052 1315 3108 manibus
1359 3054 1717 3121 intueremur,
1755 3057 2126 3127 templumque

521 3136 628 3193 hoc
667 3154 697 3193 a
743 3140 1042 3212 majoribus
1072 3146 1277 3199 nostris
1322 3156 1594 3201 sacratum
1639 3148 1776 3216 Deo,
1813 3158 1923 3204 tam
1958 3151 2124 3221 impie

2225 1953 2284 1997 ttt
2310 1942 2379 1998 de
2406 1957 2590 1998 nostro
2621 1943 3002 2008 misereamur,
3056 1958 3123 1997 ne
3168 1941 3235 1997 ad
3268 1942 3507 1998 dedecus
3531 1941 3786 1996 videamur

2219 2042 2275 2090 ct
2307 2038 2414 2088 uati
2446 2047 2500 2088 et
2532 2034 2817 2089 reservati.
2852 2033 2986 2102 Quis
3016 2034 3161 2088 enim
3194 2033 3368 2103 possit
3396 2033 3603 2103 perpeti
3631 2040 3788 2099 patres

2221 2135 2349 2180 ante
2381 2142 2473 2180 ora
2507 2126 2765 2192 filiorum,
2799 2125 2939 2180 filios
2988 2127 3039 2179 in
3083 2134 3381 2194 conspectu
3413 2135 3691 2197 parentum
3720 2124 3787 2177 in-

2222 2215 2442 2271 terﬁci'!
2472 2215 2636 2270 Trahi
2688 2217 2890 2272 canitie
2932 2214 3107 2271 fessos
3154 2230 3339 2281 senes,
3372 2216 3459 2271 vel
3489 2215 3555 2270 ad
3602 2229 3786 2275 necem,

2221 2310 2307 2365 vel
2330 2310 2472 2381 quod
2508 2310 2660 2380 pejus
2686 2320 2790 2376 est,
2820 2309 2888 2364 ad
2937 2311 3281 2375 servitutem,
3315 2308 3577 2364 mulieres
3612 2306 3787 2376 Sparsis

2222 2404 2469 2458 crinibus
2491 2403 2615 2457 duci
2655 2402 2756 2458 sub
2796 2413 3095 2471 conspectu
3123 2402 3442 2473 conjugum,
3474 2412 3527 2456 et
3554 2401 3788 2454 violenter

2223 2495 2290 2551 ad
2319 2496 2675 2567 opprobrium
2698 2495 2885 2551 trahi?
2915 2495 3117 2551 Audire
3148 2511 3336 2550 vocem
3369 2494 3573 2564 parvuli
3598 2494 3788 2562 vagien-

2225 2590 2294 2644 tis
2324 2590 2571 2645 vocantis
2600 2599 2832 2661 patrem,
2868 2599 2925 2644 ut
2953 2589 3156 2643 auxilio
3195 2590 3267 2642 sit
3297 2589 3525 2659 petenti,
3557 2601 3672 2641 cuiu
3694 2583 3788 2655 jatn

2226 2684 2424 2738 frustra
2455 2682 2647 2737 audias
2677 2680 2702 2720 ι)
2736 2682 3014 2738 revinctas
3051 2697 3267 2747 manus,
3299 2691 3354 2734 et
3382 2679 3614 2751 captiva:
3639 2680 3791 2732 cervi-

2225 2776 2305 2830 cis
2330 2778 2461 2848 jugo
2511 2774 2793 2830 subditos?
2834 2774 2976 2844 Ergo
3006 2772 3134 2827 dum
3181 2771 3360 2827 adhuc
3402 2771 3587 2827 libera:
3623 2783 3792 2824 manus

2225 2880 2375 2937 sunt,
2427 2870 2552 2924 dum
2598 2870 2799 2925 ferrum
2840 2869 3179 2939 stringimus,
3234 2868 3612 2939 aggrediamur
3656 2876 3790 2934 opus,

2227 2963 2371 3033 quod
2402 2963 2572 3017 victor
2599 2963 2769 3015 hos:is
2800 2962 3051 3016 miretur.
3107 2961 3364 3016 Mulieres
3399 2971 3598 3013 nostra:
3626 2971 3793 3025 sopre-

2227 3070 2374 3111 mum
2404 3053 2706 3124 cunjugalis
2730 3068 2929 3108 munus
2961 3051 3295 3116 dilectionis,
3321 3050 3474 3123 quasi
3504 3049 3679 3105 dotale
3717 3063 3792 3101 rc-

2227 3146 2430 3217 cipiant
2482 3146 2889 3216 patrimonium.
2941 3144 3048 3200 llas
3103 3144 3210 3199 illis
3266 3144 3446 3198 claves
3493 3140 3797 3197 refundimus

3886 474 3911 525 ξι

3886 664 3913 699 rt

3878 763 3889 779 J’

3884 904 3909 948 ὀς

3890 980 3901 1008 l

3886 1916 3909 1945 ea

3898 2102 3913 2138 ﬂ

3901 2388 3913 2418 λ

3900 2488 3913 2509 ἆ

3900 2574 3913 2607 t

524 3231 755 3288 llatnntis
787 3239 1043 3304 cremari,
1090 3249 1184 3293 aut
1232 3240 1549 3298 sacerdotes
1580 3242 1635 3297 in
1667 3244 1873 3314 templo
1902 3246 2125 3316 conspi-
2151 3239 2196 3301 C
2230 3255 2371 3295 nom
2394 3238 2680 3309 sanguinis
2712 3248 2734 3276 ε
2762 3238 3094 3305 testimonio,
3121 3245 3180 3291 ut
3208 3237 3319 3293 sint
3346 3246 3548 3291 nostr-.e
3579 3232 3797 3288 hasrcdes

523 3342 774 3384 ceremus
797 3330 982 3401 jacere
1007 3334 1358 3388 interfectos!
1393 3335 1762 3392 Emendemus
1793 3352 1948 3408 ergo,
1979 3339 2125 3408 quod

526 3419 612 3476 his
637 3425 1044 3492 superviximus
1092 3428 1271 3491 malis,
1305 3436 1365 3482 ut
1392 3428 1676 3484 videamur
1716 3446 1825 3486 non
1857 3430 1982 3485 vitae
2012 3442 2128 3487 stu-

522 3515 611 3569 dio
636 3516 916 3573 di~tulisse
944 3528 1200 3587 mortem,
1245 3521 1341 3577 sed
1372 3521 1591 3577 virtutis
1637 3524 1971 3580 intentione.
2004 3525 2126 3579 Cir-

526 3610 874 3665 Cumvallavit
900 3611 1073 3668 hostis
1103 3630 1266 3670 omne
1317 3616 1734 3683 munimentum,
1773 3619 1846 3673 nil
1878 3630 2130 3689 superest

530 3700 634 3755 nisi
677 3709 770 3756 aut
813 3718 936 3769 nos,
969 3714 1063 3759 aut
1106 3706 1370 3777 coniuges
1422 3719 1645 3763 nostra}.
1689 3709 1807 3764 Jam
1855 3710 1955 3766 sibi
1983 3711 2129 3768 ﬁlios

530 3803 749 3851 nostros
781 3798 834 3852 in
855 3799 1110 3857 auctione
1139 3801 1513 3871 constituunt;
1540 3811 1861 3875 certantque
1884 3804 2023 3861 inter
2044 3821 2126 3873 se,

527 3889 618 3959 qui
658 3889 813 3959 cujus
842 3891 1079 3949 abducat
1125 3911 1351 3951 uxorem
1389 3914 1402 3949 :
1438 3905 1615 3951 utrum
1663 3913 1760 3968 pro
1802 3899 2126 3969 dignitatum

529 3981 743 4039 meritis
774 3999 1206 4054 personarttmve
1253 3988 1540 4046 ordinibus
1570 3990 1966 4048 distribuenda‘.
1993 3994 2127 4062 sint,

528 4089 598 4129 au
645 4083 672 4112 α
711 4076 955 4134 sortibus
1001 4081 1185 4135 subire
1237 4083 1500 4152 cogendae
1550 4084 1918 4140 miserabiles.
1960 4084 2132 4141 Nobis

529 4183 747 4238 quoque
779 4184 1039 4240 parantur
1085 4173 1328 4243 prodigia
1376 4190 1687 4245 poenarum,
1720 4185 1991 4233 tormenta
2038 4193 2132 4233 ex-

528 4260 907 4331 quisitissima,
938 4280 1046 4319 non
1075 4266 1255 4321 solum
1282 4267 1545 4324 ardentes
1570 4268 1809 4324 ﬂammai
1833 4280 1927 4325 aut
1949 4270 2130 4326 diver-

531 4367 608 4408 sae
653 4369 819 4411 neces
856 4357 1096 4413 victricis
1138 4359 1247 4414 ictu
1288 4360 1537 4416 securis:
1569 4359 1708 4416 duro
1755 4362 1975 4432 quidem
2009 4372 2134 4433 post

532 4446 773 4514 vincula,
808 4460 923 4518 post
973 4465 1273 4519 carcerein,
1309 4462 1431 4523 post
1465 4455 1653 4525 juguin
1701 4455 1997 4527 supplicio,
2032 4455 2130 4513 sed

533 4541 906 4599 tolerabiliore
928 4545 1081 4613 viris,
1106 4547 1153 4602 si
1178 4546 1417 4603 ludibrio
1436 4557 1616 4614 vacet;
1646 4548 1743 4604 sed
1767 4550 1934 4604 etiam
1957 4549 2133 4605 avulsi

2230 3334 2517 3390 libertatis.
2545 3333 2660 3388 Hoc
2688 3333 2818 3403 ipsa:
2845 3333 3160 3399 hortantur,
3198 3342 3348 3387 certe
3378 3344 3669 3394 merentur,
3695 3343 3799 3398 qua:

2231 3426 2464 3481 volunt:
2493 3426 2774 3497 cogendas,
2826 3441 2945 3496 qua:
2989 3424 3304 3494 refugiunt:
3338 3440 3439 3479 nec
3477 3421 3681 3494 parvuli
3708 3421 3797 3475 fer-

2232 3536 2350 3576 rum
2383 3521 2678 3592 pavebant,
2697 3518 2843 3589 quod
2877 3535 2970 3588 per
2990 3528 3208 3573 aetatem
3240 3519 3512 3581 nesciunt,
3540 3514 3677 3586 quod
3699 3528 3801 3568 sus-

2230 3616 2419 3685 cipere
2449 3632 2474 3667 a
2511 3612 2832 3683 parentibus
2863 3612 2966 3682 piis
2988 3612 3210 3679 debent,
3245 3622 3302 3664 ut
3329 3626 3457 3665 vere
3489 3610 3620 3664 fiant
3646 3605 3801 3662 liberi.

2229 3706 2398 3763 Nobis
2427 3721 2646 3777 quoque
2688 3703 2818 3777 quid
2862 3708 2970 3760 crit
3006 3703 3395 3775 praesumitis?
3423 3705 3480 3760 Si
3527 3716 3687 3758 exuta
3710 3714 3795 3751 nus

2234 3804 2384 3873 prius
2430 3802 2739 3870 castellum,
2787 3800 3058 3856 frumenta
3105 3809 3286 3855 tamen
3341 3812 3698 3860 reservemus,
3744 3808 3802 3847 ue

2233 3906 2422 3968 putent
2448 3914 2547 3952 nos
2575 3896 2719 3952 fame
2751 3895 2929 3968 potius
2962 3905 3206 3963 coactos,
3249 3910 3413 3965 quam
3453 3894 3629 3949 studio
3655 3892 3804 3945 virtu«

2235 3992 2304 4046 tis
2343 3992 2624 4057 invitatos,
2659 4000 2862 4044 mutua:
2908 3989 3058 4045 necis
3105 3988 3411 4059 arripuisse
3449 3986 3802 4042 ministerium.

2233 4085 2514 4141 Doncntus
2561 4084 2671 4141 illis
2715 4098 2870 4140 escas
2914 4082 3148 4139 refertas
3198 4082 3504 4153 sanguine;
3554 4092 3608 4135 ct
3648 4080 3688 4133 si
3726 4089 3805 4132 eas

2235 4178 2466 4235 ﬂamma:
2514 4178 2844 4240 cxusserint,
2879 4175 3038 4231 nidor
3078 4177 3197 4245 ipse
3223 4174 3438 4245 frugum
3485 4173 3804 4229 incensarmn

2236 4274 2439 4329 indicio
2490 4274 2598 4328 erit
2642 4273 2875 4343 periisse
2919 4269 3342 4337 obsidentibus,
3399 4268 3543 4338 quod
3590 4264 3807 4321 obsessis

2235 4367 2616 4424 abundaverit.
2670 4366 2919 4421 Postbzec
2969 4364 3341 4435 unusquisque
3387 4362 3581 4418 offerat
3626 4375 3682 4415 se
3710 4356 3810 4409 vnl-

2237 4464 2377 4524 neri,
2408 4468 2463 4516 et
2491 4459 2786 4515 moriturus
2815 4458 3044 4529 patriam
3088 4465 3257 4527 tegat,
3303 4469 3667 4526 supremoque
3709 4464 3809 4504 ant-

2240 4554 2397 4625 plexu
2423 4553 2604 4608 obeat.
2641 4551 2760 4607 Fiat
2806 4552 2960 4606 nobis
2991 4552 3160 4620 patria
3193 4549 3470 4605 libertatis
3498 4546 3808 4619 sepulcrum,

532 4647 686 4689 artus
718 4637 1044 4707 viventibus,
1076 4649 1129 4695 et
1163 4641 1440 4711 praecipue
1472 4651 1740 4698 truncata:
1766 4657 1984 4699 manus.
2019 4642 2132 4700 Nec
2160 4626 2215 4688 Ῑ)
2239 4662 2361 4718 quae
2392 4647 2490 4700 fuit
2520 4644 2802 4716 dignitatis
2838 4643 3172 4699 domicilium
3204 4661 3218 4696 :
3250 4641 3342 4696 hic
3375 4640 3613 4697 tumulus
3642 4637 3809 4693 funera

536 4729 836 4799 immerito,
866 4734 990 4804 quia
1028 4735 1325 4792 defuerunt
1350 4754 1451 4793 suo
1480 4738 1723 4802 muneri,
1752 4753 1875 4794 cum
1902 4747 2133 4808 possent

531 4822 633 4878 sibi
682 4824 994 4882 subvenire.
1043 4828 1324 4886 Suheundi
1374 4846 1590 4902 quoque
1642 4847 1858 4887 morsus
1888 4831 2127 4888 ferarum

536 4915 603 4972 ad
636 4918 900 4974 victorum
950 4925 1344 4991 spectaculum,
1389 4924 1531 4995 quod
1571 4924 1809 4999 diversis
1835 4926 1947 4994 jam
1985 4925 2131 4980 cele-

537 5012 726 5069 bratur
749 5016 933 5070 arenis
961 5018 1172 5074 urbium
1204 5036 1217 5072 :
1243 5020 1326 5076 vel
1356 5020 1609 5090 exemplo
1634 5019 1791 5076 nobis
1820 5018 1983 5075 debet
2005 5033 2132 5075 esse

537 5107 877 5177 pudendum,
906 5110 993 5165 vel
1030 5112 1148 5166 visu
1194 5113 1536 5180 miserabile,
1569 5121 1630 5168 nt
1660 5128 2005 5168 reserventur
2042 5120 2139 5167 aut

538 5201 751 5268 bestiis,
800 5214 891 5259 aut
922 5203 1184 5261 fratribus
1219 5208 1539 5277 prmliaturi.
1590 5207 1730 5274 Quid
1770 5222 1905 5277 ergo
1952 5222 2133 5261 mora-

538 5294 833 5366 tuur?jam
883 5314 989 5352 non
1032 5307 1118 5354 est
1139 5299 1367 5355 liberum
1420 5300 1599 5367 nobis,
1631 5300 1771 5372 quod
1821 5299 2133 5363 metuimus,

537 5386 787 5443 evadere.
827 5387 885 5445 Si
919 5389 1120 5447 liberos
1158 5391 1469 5448 interﬁcere
1506 5394 1761 5447 uolumus
1789 5405 1884 5462 per
1923 5391 2139 5445 miseri-

537 5479 805 5545 cordiam,
855 5492 949 5535 aut
999 5483 1368 5553 nosmetipsos
1426 5499 1524 5554 per
1569 5486 1863 5549 virtutem;
1908 5498 2138 5539 necesse

536 5578 642 5634 erit
668 5593 720 5634 ut
754 5596 850 5651 per
875 5595 1172 5650 germanos
1202 5592 1295 5637 aut
1316 5584 1653 5666 propinqqos
1683 5593 1899 5640 nostros
1928 5582 2138 5640 interfi-

620 5700 645 5728 ἰ
685 5688 934 5746 Sortitus.
962 5695 1129 5751 BARB.

622 5760 650 5804 b
686 5759 990 5838 fierinam.
1017 5772 1081 5826 lit
1109 5781 1233 5825 mox
1256 5765 1510 5825 subditus.
1539 5765 1614 5838 Ip.

624 5841 646 5872 α
685 5827 1025 5896 Τεεεαηιοηεο.
1050 5840 1123 5905 lp.

2241 4747 2429 4795 nostra
2456 4738 2637 4800 decet.
2663 4747 2721 4791 ut
2746 4748 2906 4807 septo
2934 4736 3150 4791 virtutis
3184 4743 3458 4805 lcgantur.
3483 4732 3597 4787 Tali
3620 4725 3810 4786 accensi

2239 4831 2507 4895 oratione,
2566 4830 2748 4885 caeteri
2792 4828 3002 4900 gladios
3046 4827 3273 4883 strictos
3323 4826 3600 4892 tenebant,
3647 4819 3812 4878 oscula

2237 4924 2438 4980 dabant
2466 4923 2808 4994 coniugibus,
2843 4921 3097 4990 amplexu
3118 4919 3493 4990 suscipiebant
3514 4920 3728 4980 liberos,
3757 4911 3814 4965 il-

2240 5020 2603 5092 lacrymantes
2633 5028 2690 5072 et
2740 5016 2900 5072 simul
2932 5014 3277 5081 festinantes,
3331 5024 3391 5070 ut
3430 5014 3601 5069 hostis
3634 5022 3817 5083 praevr-

2248 5115 2477 5170 niretur.
2526 5112 2652 5167 Haec
2683 5112 2860 5177 vobis,
2903 5111 3176 5181 inquiunt.
3228 5109 3437 5165 amoris
3461 5113 3697 5181 pignora.
3733 5104 3819 5158 da—

2243 5224 2364 5266 mus
2393 5222 2662 5278 suprema:
2690 5206 2914 5275 praemia
2941 5204 3301 5269 necessitatis,
3332 5213 3389 5258 et
3409 5214 3720 5274 compressu
3751 5195 3819 5249 vi-

2242 5304 2415 5359 riliter
2467 5300 2698 5364 affectu,
2743 5295 2772 5337 ἀ
2820 5297 3133 5369 passionem
3185 5297 3576 5361 excluserunt,
3632 5289 3819 5349 eadem

2242 5395 2547 5466 implebant
2580 5391 2904 5464 :impavida:
2932 5391 3189 5446 mulieres
3212 5404 3274 5444 se
3304 5386 3599 5444 offerebant
3627 5378 3819 5439 vulneri

2242 5503 2343 5559 pro
2391 5488 2808 5542 conservatione
2857 5483 3163 5555 pudicitiae,
3222 5491 3569 5553 mentemque
3614 5487 3818 5533 suorum

2245 5584 2374 5653 ipsae
2407 5581 2697 5638 induerant
2728 5576 3188 5635 virorum.-C:csis
3213 5575 3395 5645 itaque
3424 5563 3820 5630 necessitudini-

2329 5694 2356 5734 ἀ
2387 5695 2503 5752 Vet.
2535 5693 2728 5761 codex,
2763 5706 2935 5747 omnes
2973 5706 3026 5745 se
3060 5687 3278 5744 mollitie
3313 5695 3563 5744 exuerunt
3586 5726 3600 5754 ,
3645 5681 3820 5761 passio-

2257 5786 2374 5827 nem
2405 5769 2744 5829 excluserunt.
2771 5764 2846 5827 lu.
