3948 6328
11 302 161 356 ὶὲοοῖἰ

638 308 910 368 ιιιετοιι.
958 313 1045 369 DE
1090 316 1366 372 EXCIDIU
1409 318 1678 378 HIEROS.
1724 323 1928 384 UBBIS
1980 326 2648 391 ANACEPHALAZUSIS.

3228 343 3371 400 9:206

12 434 137 524 ,ιιις,
186 418 538 524 pignus-ibus
566 440 801 497 quoque,
834 428 1088 501 delegere
1124 442 1378 489 strenuos
1404 437 1495 506 qui
1537 451 1667 508 sup-
1691 445 1741 503 Α
1770 441 1935 499 ductu
1986 445 2291 512 abscondit,
2344 447 2472 501 dum
2525 451 2710 505 caeteri
2763 456 3040 524 supremis
3090 458 3379 517 intendunt

12 512 353 569 demetata
381 517 545 572 caedis
583 534 1033 592 exsequerentur.
1060 524 1138 580 Ita
1171 526 1273 583 fusi
1306 543 1499 586 omnes
1531 546 1668 587 non-

11 608 170 675 genti
230 611 536 681 sexaginta
568 627 691 668 cum
733 617 974 686 parvulis
1013 634 1076 674 ac
1108 621 1468 679 mulieribus:
1501 632 1524 660 ⁸
1554 641 1662 681 una

12 704 245 759 mulier
290 706 417 762 sola
443 709 731 781 superfuit,
763 730 885 784 qum
915 716 1060 772 illius
1100 719 1347 792 quinque
1389 723 1440 776 in
1484 738 1667 794 aquae-

142 840 455 929 Josepbns
493 862 626 929 vero
672 848 741 907 de
770 852 1021 929 duabus
1036 857 1244 929 retulit.
1285 855 1451 929 quue
1494 861 1670 915 couti-

11 916 167 981 ἔξω
226 916 421 986 aliqui
471 920 716 976 scribunt
761 924 829 980 15
876 926 1109 996 Aprilis,
1153 929 1223 983 ab
1271 916 1673 1002 expugnatione

1771 538 2189 594 necessitatibus
2220 558 2233 592 ;
2267 554 2330 595 ea
2361 539 2620 596 Romanis
2645 542 2886 599 diluculo
2925 548 3370 619 advenientibus,

1769 630 1834 683 ad
1867 646 2055 684 vocem
2080 632 2282 697 excita,
2309 632 2473 688 index
2514 636 2713 706 negotii
2742 635 2863 692 fuit.
2895 637 3040 709 Opes
3069 653 3251 698 autem
3284 659 3380 700 ett-

1770 738 1910 787 rum,
1938 724 2220 793 appositus
2243 726 2311 780 ab
2337 724 2466 796 ipsis
2496 728 2644 797 prius
2675 730 2813 800 ignis
2836 735 3198 806 consumpsit.

1781 860 2119 988 l’l‘iergsalem
2176 862 2419 920 secundo
2452 906 2469 932 ,
2525 881 2555 920 a
2630 866 2913 926 nativitate
2981 886 3115 929 vero
3171 873 3378 936 Christi

1858 973 1871 987 .
1948 949 2072 988 ann.

1858 973 1871 987 .
1905 949 2072 989 UARB.

816 1091 1162 1153 HlSTOlllIE
1205 1098 1290 1152 DE
1329 1098 1611 1156 EXCIDIO
1650 1101 2333 1162 HIEROSOLYMITANAB
2376 1104 2576 1165 URBIS

1190 1199 2240 1291 ANACEPHALIEOSIS
2270 1262 2296 1303 ,

1621 1339 1674 1378 ID
1712 1338 1813 1380 EST

773 1408 1077 1474 Omnium
1111 1431 1275 1493 pene
1302 1432 1446 1495 quas
1474 1417 1540 1478 in
1585 1419 2032 1498 superioribus
2060 1420 2227 1485 dicta
2258 1429 2411 1486 sunt
2441 1424 2623 1487 libris

1399 1559 1801 1635 BEPETI
1809 1568 1879 1636 Τ
1894 1567 1929 1635 ι
1940 1565 2042 1638 Ο.

1390 1692 2064 1729 ‘m

642 1750 874 1809 CAPUT
914 1752 1199 1812 PRIMUM.

111 1849 305 1903 Anno
354 1861 463 1901 xm
495 1856 617 1916 post
662 1849 973 1916 passionem
1009 1850 1255 1920 Domini,
1300 1853 1511 1925 imperii
1539 1869 1671 1910 vero

36 1941 384 2011 Vespasiani
416 1941 614 2011 primo,
645 1939 805 1995 bellis
837 1942 1048 2011 asperis
1087 1943 1274 2000 Jndtra
1305 1958 1359 2001 et
1384 1948 1671 2003 seditioni-

36 2036 141 2090 bus
191 2035 535 2090 domesticis
563 2034 926 2092 lacerabatur.
964 2037 1081 2107 Ipsa
1119 2055 1339 2110 quoque
1377 2056 1567 2097 eorum
1596 2044 1673 2096 ci—

38 2131 187 2184 vitas
218 2129 575 2183 Hierusalem
599 2136 626 2164 λ
658 2127 920 2184 intestino
954 2135 1143 2201 praelia
1186 2135 1490 2192 laborabat.
1514 2136 1671 2191 Nulla

42 2223 423 2290 intermissio,
453 2222 602 2277 nulla
629 2224 871 2293 requies,
904 2227 1063 2280 nullm
1090 2227 1343 2295 inducite,
1376 2231 1670 2286 momentis

46 2316 321 2370 euntibus
361 2315 749 2370 dimicabatur.
794 2315 943 2372 Multi
982 2318 1242 2385 ruebant,
1289 2322 1554 2377 innumeri
1581 2322 1671 2393 iu-

47 2409 414 2476 gulabantur.
448 2406 683 2480 Sanguis
712 2408 952 2465 imdabat
982 2412 1238 2467 universa
1261 2454 1274 2479 ,
1312 2417 1539 2485 ipsaque
1584 2430 1670 2470 re-

49 2503 243 2570 plebat
274 2502 464 2573 templi
499 2503 687 2557 limina
718 2520 733 2558 :
759 2505 961 2574 passim
990 2508 1217 2561 ruebant
1241 2508 1510 2564 cadavera
1547 2526 1672 2563 :sa-

53 2599 205 2665 gittis
237 2596 369 2663 alii,
414 2597 506 2651 alii
553 2598 853 2653 missilibus
898 2598 1253 2657 feriebantur.
1297 2602 1488 2657 Nullus
1518 2602 1671 2657 locus

58 2690 312 2758 periculo
340 2691 571 2745 vacabat
595 2733 608 2754 ,
644 2692 790 2746 nulla
824 2707 950 2763 spes
976 2695 1381 2763 conversionis,
1413 2696 1556 2751 nulla
1583 2695 1668 2752 fu~

58 2783 248 2851 giendi
281 2787 439 2856 copia
468 2796 587 2840 erat
619 2802 631 2839 :
664 2794 858 2841 maesta
886 2788 1067 2842 omnia
1099 2798 1151 2844 et
1196 2789 1352 2859 plena
1385 2789 1626 2844 horroris
1653 2831 1669 2858 ,

62 2888 113 2931 et
145 2879 702 2949 plenaimmanitatis
733 2898 746 2934 :
773 2882 976 2951 ubique
1001 2882 1196 2952 luctus,
1227 2898 1397 2955 pavor
1424 2884 1623 2954 ubique
1656 2900 1670 2938 :

63 2973 277 3031 clamor
323 2977 635 3041 mulierum,
670 2977 904 3047 ejulatus
936 2992 1153 3045 senum,
1187 2981 1541 3036 morientium
1574 2996 1671 3050 ge-

65 3069 256 3135 mitus,
292 3072 594 3126 viventium
618 3071 934 3141 desperatio
966 3088 981 3126 :
1018 3083 1074 3127 ut
1095 3074 1438 3130 miserabiles
1461 3090 1559 3130 eos
1588 3075 1671 3129 di-

69 3174 222 3218 ceres
252 3163 345 3235 qui
366 3175 766 3231 remanserant,
791 3166 980 3221 beatos
1000 3168 1092 3237 qui
1115 3167 1359 3222 obibant.
1387 3167 1671 3235 Quotnodo
1699 3156 1743 3220 C

69 3255 297 3328 decepta
327 3275 389 3315 es
418 3260 635 3330 populis
669 3260 803 3326 tuis,
837 3260 1037 3331 quibus
1075 3263 1351 3331 quondam
1396 3263 1670 3318 videbaris

76 3348 269 3407 beata?
299 3352 592 3422 Quomodo
613 3363 923 3423 expugnata
952 3367 1010 3408 es
1040 3355 1145 3408 tuis
1172 3354 1375 3419 armis,
1424 3364 1586 3424 atque
1617 3357 1668 3409 in

76 3453 122 3497 te
158 3461 446 3503 conversae
482 3456 613 3502 sunt
642 3462 835 3502 manus
863 3457 997 3512 tum,
1030 3464 1155 3518 qua)
1175 3448 1392 3503 Solebas
1431 3448 1552 3504 sine
1579 3465 1666 3503 ιιι·-

78 3541 172 3593 mis
196 3544 450 3610 vincere,
480 3552 537 3598 et
563 3545 682 3599 sine
713 3545 823 3599 ullo
856 3545 1044 3615 praelia
1072 3545 1284 3599 hostem
1322 3545 1513 3608 ferire,
1544 3560 1668 3601 cum

81 3648 171 3698 pro
200 3645 255 3690 te
286 3635 477 3705 Angeli
517 3637 876 3703 dimicarent,
905 3650 957 3693 et
999 3638 1299 3693 militarent
1352 3637 1443 3693 tibi
1476 3635 1671 3692 fluctus

82 3726 270 3795 maris,
308 3740 468 3784 terra:
500 3728 701 3794 hiatus,
732 3730 855 3784 οωιί
891 3728 1172 3799 fragores?

700 3821 933 3877 CAPUT
973 3821 1037 3877 11.

149 3912 400 3987 Exsurge
428 3930 593 3983 nunc,
617 3916 879 3983 Moses,et
909 3915 1031 3971 vide
1065 3925 1283 3987 gentem
1309 3925 1455 3969 tuam
1478 3923 1534 3969 et
1561 3913 1672 3969 bte-

85 4006 362 4066 reditatem
392 4011 578 4081 populi
603 4011 694 4066 tibi
728 4010 923 4065 crediti
950 4050 965 4079 ,
1001 4009 1182 4080 perire
1226 4008 1480 4064 manibus
1511 4009 1625 4063 suis
1655 4025 1668 4061 :

86 4102 257 4169 aspice
310 4106 568 4176 p0pulum
624 4105 776 4159 illum
812 4105 938 4172 Dei,
989 4104 1076 4159 cui
1125 4102 1392 4174 gradienti
1426 4104 1671 4174 pervium

87 4205 223 4251 mare
252 4196 510 4267 patebat,
541 4198 628 4252 cui
673 4196 940 4253 eburienti
985 4209 1140 4252 escas
1169 4196 1367 4253 emittm
1406 4196 1674 4251 submini-

89 4288 312 4357 strahat,
343 4294 463 4347 sine
500 4292 636 4346 mari
681 4290 961 4354 clausum,
994 4291 1113 4345 sine
1157 4289 1444 4346 Pharaone
1485 4291 1674 4345 obses-

87 4388 234 4447 sum,
284 4385 404 4438 sine
455 4392 728 4438 terrarum
777 4381 1068 4438 sterilitate
1108 4382 1374 4453 jejunum.
1404 4381 1669 4454 Exsurge,

91 4466 258 4529 Aaron
285 4518 298 4540 ,
326 4476 416 4548 qui
461 4475 755 4547 aliquando
807 4487 1029 4547 prepter
1069 4475 1330 4533 offensam
1383 4477 1516 4542 Dei,
1548 4491 1670 4532 eum

1695 1773 1745 1834 Β
1772 1764 2109 1836 principibus
2138 1774 2397 1840 populum
2433 1773 2750 1832 universum
2782 1777 2849 1833 ad
2882 1789 3111 1834 mortem
3142 1779 3329 1835 aii'erat
3356 1823 3372 1849 ,

1779 1866 1836 1911 ιιι
1885 1860 2192 1919 libertatem
2224 1876 2581 1938 extorqueat,
2617 1885 2716 1940 pro
2762 1886 2871 1942 quo
2923 1883 2974 1929 te
3005 1874 3176 1944 ipsum
3212 1875 3375 1930 morti

1775 1951 2068 2011 oﬂ‘erebas.
2091 1956 2392 2026 Suscitare,
2422 1961 2636 2027 Elisaee,
2667 1964 2757 2033 qui
2782 1964 2992 2020 hostem
3022 1963 3380 2022 introduxisti

1775 2046 1829 2100 in
1858 2046 2197 2116 Samariam,
2250 2061 2308 2107 et
2347 2055 2581 2110 amicum
2613 2055 2814 2112 iecisti.
2858 2056 2962 2113 Per
2994 2067 3046 2113 te
3084 2058 3136 2112 in
3179 2059 3377 2116 castris

1771 2138 1945 2211 Syria:
1974 2143 2358 2214 quadrigarum
2379 2145 2656 2217 increpuit
2682 2149 2883 2220 fragor,
2918 2160 2973 2204 et
2996 2165 3101 2204 vox
3130 2152 3376 2221 equitum

1771 2242 1825 2286 et
1855 2234 2071 2289 virtutis
2105 2252 2117 2288 :
2144 2236 2283 2308 l'ugit
2311 2237 2515 2306 hostis,
2549 2240 2722 2294 evasit
2752 2241 3098 2297 obsidionem
3130 2241 3373 2298 Judtens.

1772 2324 1876 2380 Ubi
1911 2342 2052 2381 nunc
2081 2328 2180 2381 ista
2217 2330 2431 2396 merita,
2461 2340 2516 2386 et
2560 2332 2648 2387 ubi
2695 2349 2841 2387 nunc
2868 2335 2987 2389 ista:
3027 2334 3377 2405 operationes

1770 2420 2123 2475 sanctorum?
2152 2420 2265 2477 Nec
2296 2423 2491 2477 mirum
2511 2468 2524 2492 ,
2560 2425 2607 2479 si
2639 2436 2661 2463 ο
2691 2427 2963 2481 miserunt
2987 2428 3372 2497 prophetarum

1770 2527 1966 2599 opera,
1996 2514 2088 2582 qui
2121 2526 2461 2586 negaverunt
2495 2518 2885 2586 pmpbetarum
2925 2520 3214 2574 arbitrum.
3246 2519 3374 2576 ideo

1772 2609 1825 2661 in
1852 2617 1922 2674 te,
1943 2607 2156 2676 Judaea,
2185 2607 2209 2647 (³
2235 2624 2385 2664 arma
2414 2621 2830 2677 convertuntur,
2857 2612 3136 2666 orationes
3166 2612 3375 2667 tuatui-

1772 2705 1847 2760 hil
1876 2706 1966 2760 tibi
1998 2716 2252 2778 prosunt,
2284 2708 2411 2776 quia
2445 2706 2581 2762 ﬁdes
2613 2717 2700 2761 tua
2739 2707 2875 2762 nihil
2905 2716 3162 2778 operatur
3204 2724 3218 2760 :
3250 2706 3373 2763 ideo

1771 2800 2057 2857 adversum
2089 2811 2141 2857 te
2161 2800 2340 2856 factus
2370 2811 2452 2858 est
2476 2801 2711 2873 populus
2742 2810 2865 2855 tuus
2886 2843 2900 2866 ,
2930 2801 3050 2871 quia
3083 2802 3135 2855 in
3168 2809 3221 2857 te
3241 2816 3375 2856 cou-

1772 2911 1928 2952 versa
1950 2905 2033 2951 est
2060 2896 2284 2966 perlidia
2314 2906 2420 2951 tua.
2452 2896 2607 2964 Quod
2638 2896 2937 2952 remedium
2966 2897 3250 2967 quaeritur,
3283 2896 3375 2951 ubi

1772 3000 1963 3045 auctor
1995 2989 2222 3046 remedii
2257 3007 2364 3044 non
2392 2990 2755 3045 conciliatur?
2826 2990 2967 3058 Quid
3004 2991 3237 3061 putabas
3287 2990 3372 3045 in-

1778 3093 1978 3148 turum,
2007 3098 2128 3137 cum
2161 3082 2267 3137 tuis
2299 3083 2546 3138 manibus
2576 3082 2743 3139 vitam
2778 3091 2926 3138 lnam
2955 3085 3334 3153 exstingueres
3354 3124 3371 3150 ,

1776 3194 1900 3233 cum
1951 3179 2056 3235 tuis
2102 3179 2326 3234 vocibus
2355 3178 2681 3234 advoCatum
2733 3189 2885 3233 tuum
2935 3178 3370 3240 exterminares,

1776 3274 1879 3330 nisi
1913 3281 1969 3329 ut
2002 3274 2053 3328 in
2102 3283 2149 3327 Ie
2180 3288 2396 3343 quoque
2427 3272 2683 3342 injiceres
2726 3271 2953 3327 manus?
2986 3270 3193 3334 llabes,
3226 3269 3371 3339 quod

1777 3368 1983 3438 petisti.
2016 3365 2275 3437 Eripuisti
2302 3364 2399 3419 tibi
2433 3364 2726 3419 Prwsulem
2757 3364 2941 3435 pacis,
2981 3361 3158 3433 petisti
3191 3361 3373 3417 necari

1774 3463 1897 3517 vita!
1921 3469 2025 3517 tuae
2056 3460 2344 3523 arbitrum,
2389 3458 2611 3513 concedi
2643 3458 2741 3512 tibi
2772 3456 3102 3520 Barabbam;
3133 3456 3221 3523 qui
3252 3469 3377 3526 pra-

1776 3567 1887 3621 pter
1912 3555 2215 3611 seditionem
2239 3559 2431 3626 factam
2455 3554 2507 3608 in
2529 3553 2735 3607 civitate
2757 3562 2801 3606 et
2823 3550 3165 3606 homicidium
3186 3550 3377 3602 missas

1774 3649 1944 3719 fuerat
1988 3648 2041 3700 in
2072 3661 2327 3701 carcerem
2362 3644 2514 3713 (an.
2547 3660 2683 3699 xxm
2704 3685 2720 3710 ,
2770 3642 2863 3713 19)
2889 3660 2907 3697 :
2938 3642 3064 3697 ideo
3093 3642 3240 3695 salus
3272 3640 3372 3693 abs

1774 3748 1828 3795 te
1860 3740 2125 3803 recessit,
2159 3753 2256 3808 pax
2302 3736 2464 3801 abiit,
2495 3740 2651 3806 quies
2683 3734 2899 3789 destitit
2944 3748 2959 3786 :
3003 3734 3126 3786 data
3157 3740 3240 3786 est
3273 3730 3371 3785 tibi

1774 3831 1992 3894 seditio,
2026 3829 2209 3884 datum
2237 3828 2506 3883 excidium
2536 3842 2549 3878 :
2587 3840 2822 3895 agnosce
2850 3824 2950 3878 tibi
2983 3823 3147 3878 hodie
3176 3820 3379 3877 Barab-

1775 3925 1898 3980 bam
1931 3922 2153 3989 vivere,
2185 3930 2238 3976 et
2271 3919 2455 3975 Jesum
2482 3927 2774 3974 mortuum.
2822 3918 2953 3972 Ideo
2996 3918 3048 3970 in
3092 3928 3143 3971 te
3188 3927 3383 3984 regnat

1774 4016 2003 4080 seditio,
2040 4030 2141 4084 pax
2170 4014 2381 4083 sepulta
2408 4023 2523 4081 est,
2554 4022 2613 4067 ut
2639 4010 2916 4067 crudelius
2946 4025 2975 4064 a
3008 4009 3113 4065 tuis
3143 4021 3335 4079 pereas
3359 4048 3375 4074 ,

1775 4121 1828 4166 et
1862 4110 2008 4181 prius
2036 4122 2197 4180 quam
2225 4109 2293 4162 ab
2323 4106 2523 4163 alienis
2547 4107 2772 4175 perires.

2390 4198 2619 4255 CAPUT
2661 4196 2749 4253 lll.

1847 4294 1988 4365 Quid
2039 4303 2269 4363 tantum,
2295 4293 2626 4349 miserabilis
2674 4290 2904 4356 civitas,
2936 4290 3214 4344 Romanus
3266 4286 3381 4342 suis

1776 4389 1976 4454 armis,
2008 4396 2269 4459 quantum
2303 4385 2534 4456 populus
2568 4393 2693 4439 tuus
2736 4383 3005 4438 malorum
3036 4378 3276 4437 invexit?
3307 4377 3381 4434 Ut

1777 4497 1899 4537 cum
1929 4479 2190 4534 Romanis
2232 4492 2503 4550 pugnares
2527 4518 2541 4542 ,
2575 4478 2649 4530 tui
2681 4474 2929 4531 fecerunt
2959 4490 2972 4528 :
3016 4487 3205 4544 pacem
3234 4470 3382 4525 vole-

90 4574 225 4620 mors
285 4568 548 4639 plurimos
598 4568 989 4639 depasceretur
1028 4568 1243 4639 populi,
1287 4569 1482 4624 stetisti
1531 4569 1673 4625 inter
1697 4558 1753 4618 D
1776 4575 1909 4630 bant
1940 4574 2197 4639 Romani,
2234 4580 2286 4625 tu
2321 4572 2521 4626 bellum
2552 4569 2813 4623 indixisti.
2838 4567 2975 4637 Quid
3009 4582 3188 4622 causa:
3218 4573 3367 4629 erat,

94 4655 321 4718 viventes
345 4677 411 4717 ac
442 4674 687 4717 mortuos
713 4703 729 4730 ,
762 4672 817 4718 et
855 4677 1003 4718 mors
1041 4663 1224 4729 stetit,
1265 4673 1431 4734 atque
1458 4662 1671 4733 obiectu

92 4756 321 4820 corporis
356 4756 431 4810 tui
468 4756 628 4810 laesit
656 4756 771 4810 lues
797 4798 812 4824 ,
844 4772 943 4811 nec
973 4755 1204 4811 transire
1232 4758 1412 4827 potuit
1437 4755 1502 4811 ad
1541 4770 1675 4811 con-

94 4846 345 4912 tagionem
376 4848 697 4903 viventium.
728 4848 1011 4905 Suscitare
1041 4858 1091 4904 et
1126 4860 1204 4915 tu,
1236 4848 1364 4904 Jesu
1394 4848 1559 4918 Nave,
1581 4849 1672 4920 qui

96 4945 264 4993 muros
304 4939 756 5011 inexpugnabiles
801 4939 1059 4996 Hiericho
1089 4982 1103 5005 ,
1159 4941 1298 4995 tubis
1350 4942 1675 4998 canentibus

99 5032 474 5099 complanasti;
504 5041 559 5088 et
581 5033 705 5088 vide
729 5032 985 5104 pupulum
1012 5034 1099 5088 cui
1122 5044 1345 5089 exteros
1373 5034 1675 5105 subjecisti,

101 5130 225 5178 nunc
246 5126 495 5181 eumdem
525 5125 1105 5197 snbjectumoitprinti.
1134 5126 1435 5193 Suscitare,
1469 5128 1631 5182 David
1660 5168 1675 5194 ,

100 5224 490 5285 exasperantem
525 5217 777 5288 spiritum
809 5217 1037 5273 citharae
1067 5217 1334 5273 suavitate
1364 5220 1556 5273 solitus
1581 5235 1677 5273 ex-

99 5300 317 5376 cludere,
348 5320 403 5367 et
431 5309 558 5365 vide
588 5310 1047 5380 quemadmodum
1083 5309 1469 5365 dominabatur
1499 5309 1676 5376 furor,

103 5403 245 5465 atque
270 5417 486 5457 omnem
533 5400 860 5456 suavitatem
914 5402 1243 5471 psalmorum
1293 5413 1509 5457 tuorum
1549 5401 1580 5441 δ
1611 5419 1676 5459 ex

107 5491 420 5551 Pt'rditorum
469 5495 724 5549 sensibus
776 5493 1049 5557 ablucrit,
1101 5501 1157 5548 et
1200 5495 1572 5566 unusquisque
1612 5498 1681 5552 de

170 5594 194 5623 "
228 5589 411 5645 Codex
439 5604 543 5644 ms.
563 5630 578 5655 ,
621 5589 757 5643 trino
788 5589 926 5641 intra
951 5602 1004 5641 se
1034 5585 1237 5656 praelia.
1282 5586 1573 5645 Factiones
1614 5591 1685 5647 ibi

113 5652 352 5726 Siquidem
388 5669 498 5717 tres
524 5652 680 5718 erant
702 5702 719 5729 ,
756 5659 1005 5729 Joannis,
1034 5652 1286 5717 Simonis
1308 5671 1365 5714 8t
1394 5661 1636 5724 Eleazari
1670 5677 1686 5717 2

116 5734 374 5841 supra‘lih.
406 5749 463 5800 v,
487 5748 609 5805 cap.
644 5733 694 5789 1.
727 5733 898 5790 Βιιιιι.

242 5804 269 5841 ιι
282 5805 608 5841 mundum-um
737 5806 898 5841 aluum

239 5804 628 5879 Ezpedilorum.
641 5846 652 5861 .
666 5846 701 5861 ..
736 5805 1037 5863 aboleverit.
1066 5804 1143 5871 In.

1777 4676 1832 4721 ut
1873 4665 2122 4721 fortiores
2170 4663 2510 4719 laccsseres?
2563 4662 2764 4717 Durum
2811 4675 2973 4721 Sane.
3006 4663 3151 4732 quod
3185 4670 3378 4714 contra

1775 4760 1950 4829 legem
1983 4772 2192 4814 sacram
2220 4756 2487 4826 templum
2535 4754 2753 4826 gentilis
2804 4754 3025 4808 intravit
3069 4769 3083 4809 :
3129 4751 3229 4808 sed
3265 4751 3385 4821 jam.

1774 4867 1880 4906 non
1912 4858 2031 4906 erat
2058 4849 2155 4905 Dei
2194 4850 2476 4919 templum.
2528 4846 2643 4902 Non
2690 4860 2812 4902 eras
2866 4845 2961 4901 ltei
3011 4845 3205 4900 civitas
3229 4884 3244 4911 ,
3281 4857 3382 4897 nec

1781 4959 1901 5000 esse
1932 4952 2168 5013 poteras,
2196 4958 2316 5014 qua:
2338 4957 2463 4997 eras
2484 4948 2823 4995 mortuorum
2853 4936 3166 5006 sepulcrum
3199 4953 3211 4990 :
3247 4950 3382 5005 prac-

1778 5039 1966 5093 sertim
2001 5048 2249 5103 tuorum,
2283 5051 2421 5107 quos
2466 5036 2580 5105 ipsa
2626 5031 2946 5096 occideras,
2996 5045 3104 5085 non
3151 5042 3288 5099 quos
3313 5028 3382 5083 ab

1782 5130 1938 5186 hoste
1966 5133 2255 5186 amiseras.
2308 5128 2593 5198 Quamodo
2626 5127 2769 5181 enim
2813 5136 3030 5195 poteras
3080 5124 3209 5176 vita:
3259 5135 3383 5175 esse

1781 5225 2114 5279 domicilium
2135 5266 2150 5290 ,
2183 5239 2305 5295 qua:
2332 5236 2457 5278 eras
2488 5219 2678 5276 mortis
2710 5216 3106 5279 habitaculum,
3136 5214 3382 5269 diverso-

1781 5316 1919 5371 rium
1952 5318 2243 5382 scelerum,
2277 5317 2549 5371 latronum
2575 5312 2880 5382 spelaeum?
2907 5310 3199 5366 Jacuerunt
3231 5310 3283 5362 in
3330 5315 3381 5362 te

1784 5412 2008 5487 Ananus
2033 5418 2055 5446 ο
2083 5419 2138 5464 et
2157 5409 2396 5465 Joannes
2419 5405 2675 5477 insepulti
2703 5404 3049 5460 sacerdotum
3076 5401 3379 5472 principes;

1782 5512 1836 5558 et
1869 5503 1946 5557 illi
1978 5502 2180 5557 dudum
2211 5499 2643 5561 sacerdotalibus
2674 5496 2844 5552 induti
2874 5495 3060 5560 stolis,
3099 5495 3188 5564 qui
3215 5504 3385 5547 vene-

1875 5606 1896 5636 ο
1936 5596 2020 5651 An
2047 5577 2369 5650 amiserunﬂ
2397 5593 2674 5650 GALLAND.

1869 5671 1898 5710 ἀ
1944 5674 2105 5729 Arma
2135 5684 2243 5727 tua.
2278 5672 2444 5726 ΒΑΜ.

1875 5756 1897 5782 (³
1939 5745 2115 5816 Supra
2142 5744 2345 5816 legitur
2371 5742 2588 5797 Annuus
2616 5749 2662 5795 et
2687 5736 2860 5795 lem.
2889 5735 2965 5813 lu.
