3948 6330
579 308 724 368 2207

1920 305 2168 363 SANCTI
2209 304 2537 363 AMBROSII

3742 308 3849 366 2303

582 427 783 484 rationi
827 429 992 485 etiam
1027 427 1233 485 exteris
1278 425 1520 490 fuerant,
1555 424 1830 481 deformes
1864 424 2176 494 jacuerunt.
2206 430 2258 491 Α
2284 422 2658 490 crudelitatis,
2691 432 2750 479 ut
2780 425 3111 496 sepulturam
3137 426 3394 483 omnibus
3422 427 3517 499 qui
3544 425 3632 483 vel
3661 427 3711 482 in
3740 438 3848 483 tem-

582 520 859 578 Cadavera
881 538 1070 579 eorum
1093 537 1216 578 esca
1245 521 1570 591 volatilium,
1596 530 1654 577 et
1672 521 1957 578 devoratio
1982 537 2177 578 canum

580 614 719 669 facta
750 626 909 681 sunt,
938 615 1204 672 membris
1235 617 1501 679 lacerati,
1535 628 1590 671 et
1619 623 1727 670 tota
1757 615 1990 686 dispersi
2020 615 2176 681 urbe,

583 714 643 762 ut
695 707 981 778 deplorare
1035 710 1241 764 veteris
1288 708 1596 763 sanctitatis
1641 710 1855 778 species
1904 708 2179 763 videretur

581 804 787 853 tantam
815 801 953 853 sacri
981 799 1214 856 nominis
1237 802 1649 868 contumeliam,
1677 809 1733 856 et
1757 800 1985 870 speciosi
2008 815 2181 872 quon-

582 887 704 943 dam
738 891 980 948 muneris
1008 892 1434 948 deformitatem.
1483 893 1588 949 Sed
1620 893 1737 959 ipsa
1778 893 1872 949 tibi
1902 893 2061 965 hujus
2091 894 2178 948 in-

580 984 860 1056 dignitatis
893 987 1178 1044 exordium
1224 989 1431 1056 fecisti,
1464 1005 1586 1060 qua:
1627 988 1683 1043 in
1714 988 1907 1059 medio.
1934 990 2056 1044 sinu
2088 998 2181 1044 tuo

581 1080 871 1135 occidebas
901 1081 1218 1153 prophetas,
1245 1099 1366 1153 qua:
1391 1082 1671 1152 Iapidabas
1691 1091 1911 1138 sanctos
1937 1083 2176 1138 Domini.

584 1174 725 1230 Ante
756 1175 1017 1246 templum
1050 1175 1347 1232 Zacharias
1369 1175 1544 1247 jacuit
1573 1177 1838 1231 exanimis
1863 1217 1877 1241 ,
1906 1176 2079 1246 jacuit
2100 1177 2183 1231 in-

584 1265 840 1322 humatus
873 1286 885 1321 :
918 1283 1051 1340 ergo
1080 1270 1301 1340 sanguis
1327 1279 1449 1325 tuus
1475 1270 1627 1324 illum
1671 1269 1837 1323 lavat.
1860 1268 1992 1336 Qua:
2018 1284 2181 1325 causa

583 1370 764 1416 autem
795 1363 990 1419 mortis
1021 1362 1121 1417 fuit
1148 1363 1365 1432 Anano,
1397 1364 1503 1419 nisi
1539 1364 1680 1435 quod
1707 1364 1979 1435 increpuit
2008 1380 2181 1434 popu-

583 1454 694 1509 lum
725 1465 874 1511 tuum
898 1498 913 1523 ,
947 1456 1071 1527 quia
1100 1472 1206 1513 non
1231 1467 1257 1495 ⁸
1286 1468 1599 1531 resurgeret
1637 1474 1737 1531 pro
1778 1460 1966 1529 templi
1998 1459 2184 1515 defen-

585 1547 741 1603 sione
768 1589 782 1613 ,
815 1548 943 1619 quia
986 1550 1366 1621 expostulabat
1400 1550 1707 1607 libertatem
1736 1551 2002 1623 perditam
2028 1593 2043 1619 ,
2074 1551 2186 1606 vir-

586 1648 756 1695 tutem
806 1643 1079 1698 desertam
1101 1684 1116 1708 ,
1140 1643 1405 1714 Lcalcatas
1442 1654 1689 1701 veterum
1721 1660 2002 1701 sacrorum
2054 1644 2176 1700 reli-

584 1734 762 1804 quias,
781 1735 1178 1791 commaculata
1194 1737 1386 1792 altaria
1414 1754 1427 1791 :
1457 1738 1875 1809 relinquendum
1906 1738 2186 1794 asserebat

2283 519 2374 588 plo
2404 518 2579 573 necati
2613 517 2832 574 fuerant
2859 520 2939 574 vel
2971 520 3113 576 circa
3140 522 3293 575 urbis
3320 522 3552 592 plateas,
3585 534 3849 593 negarent:

2282 626 2385 667 nec
2434 613 2658 668 humare
2704 614 2957 684 cuiquam
2993 615 3254 683 vacabat,
3288 616 3416 671 dum
3448 616 3609 672 bellis
3657 617 3853 675 interse

2282 716 2701 775 occuparentur,
2732 706 3071 778 feriendique
3094 711 3265 780 magis
3291 726 3453 780 quam
3481 710 3732 765 humandi
3750 727 3852 766 cura

2287 798 2571 854 univerStts
2597 800 2837 854 tenebat.
2864 800 2942 855 Ita
2967 801 3200 870 quodam
3226 801 3413 857 furore
3440 804 3749 859 occiderant
3774 805 3853 873 pic.
3898 844 3899 853 η

2285 892 2408 946 tatis
2438 890 2637 955 officia,
2670 891 3069 947 crudesccbant
3100 893 3400 964 impietatis
3432 895 3763 962 ministeria;
3794 898 3855 948 ui-

2284 981 2470 1053 ltilque
2500 987 2675 1053 magis
2707 982 2761 1038 in
2793 984 2959 1037 tantis
2986 984 3389 1041 calamitatibus
3418 987 3688 1057 perierat,
3719 1004 3850 1059 quam

2283 1078 2696 1145 misericordia,
2727 1092 2848 1148 quae
2885 1080 2999 1133 sola
3030 1080 3169 1135 solet
3204 1081 3447 1137 allevare
3476 1082 3723 1137 miserias
3744 1125 3758 1149 ,
3786 1098 3855 1138 εοο

2282 1174 2383 1230 lari
2406 1190 2697 1230 aerumnas.
2725 1175 2970 1247 Namque
2996 1184 3053 1233 et
3072 1176 3124 1232 hi
3148 1178 3237 1249 qui
3266 1182 3567 1234 amiserant
3594 1194 3736 1247 suos,
3767 1197 3852 1235 non

2285 1267 2556 1323 audebant
2588 1268 2813 1325 humare
2865 1278 3085 1340 propter
3115 1268 3462 1325 formidinem
3489 1312 3502 1336 ,
3553 1287 3670 1326 cum
3698 1273 3853 1343 gravis

2288 1373 2467 1419 terror
2494 1364 2772 1434 ingrueret
2804 1379 2833 1418 a
2874 1364 3107 1419 diversze
3143 1364 3398 1421 factionis
3429 1366 3751 1438 principibus
3776 1385 3788 1421 :
3812 1376 3853 1421 et

2288 1456 2342 1511 hi
2373 1457 2464 1527 qtti
2503 1467 2867 1523 necaverant,
2901 1457 3111 1513 alienos
3158 1458 3463 1524 cavebant,
3506 1475 3575 1514 ne
3618 1460 3732 1530 quis
3757 1460 3853 1514 illos

2288 1550 2607 1620 praeriperet
2628 1550 2694 1603 ad
2719 1551 3073 1620 sepulturam.
3103 1548 3285 1621 Itaque
3311 1565 3539 1606 necesse
3562 1560 3675 1606 erat
3693 1565 3854 1605 omnes

2289 1643 2504 1709 timere,
2535 1658 2604 1697 ne
2635 1642 2779 1713 quod
2810 1644 2965 1698 alteri
2993 1644 3197 1699 donare
3222 1644 3455 1712 vellent,
3491 1644 3543 1699 id
3574 1644 3674 1699 sibi
3700 1659 3855 1699 suntc—

2288 1744 2411 1791 rent
2440 1754 2453 1790 :
2482 1736 2563 1791 vel
2593 1736 2737 1807 quod
2766 1737 2921 1807 pejus
2948 1745 3052 1805 est,
3077 1753 3237 1808 quem
3269 1745 3760 1807 paraverantusum
3786 1751 3856 1791 se-

589 1826 869 1897 populum,
900 1843 1000 1883 usu
1030 1828 1445 1885 simulacrorum
1479 1829 1877 1886 insensibilium
1902 1840 1957 1886 et
1979 1840 2185 1885 statua-
2218 1831 2261 1890 Β
2292 1829 2495 1899 pulcri,
2524 1844 2647 1884 eum
2679 1829 2779 1901 ipsi
2814 1847 2920 1885 tton
2951 1830 3325 1899 impetrarent.

586 1931 706 1973 rum
741 1933 893 1974 more
940 1920 1073 1975 nihil
1103 1921 1213 1991 jam
1248 1920 1277 1960 δ
1306 1924 1632 1979 sentientem
1686 1922 2188 1978 commaculatum?

588 2008 729 2065 Muta
770 2013 917 2067 enim
964 2014 1221 2070 animalia
1276 2014 1486 2072 referre
1536 2017 1750 2083 solent,
1783 2018 1867 2072 vel
1919 2017 2190 2073 vicissitu-

587 2103 770 2160 dinem
807 2106 1063 2164 vindicta:
1087 2151 1102 2175 ,
1138 2112 1346 2167 sentire
1381 2111 1635 2181 injuriam
1659 2154 1674 2179 ,
1706 2112 1922 2167 incitari
1952 2113 2148 2169 aculeo
2170 2155 2185 2180 ,

585 2198 863 2256 declinare
890 2202 1142 2259 verbera.
1175 2204 1278 2272 Qui
1322 2222 1454 2277 ergo
1485 2222 1587 2263 nec
1615 2208 1888 2263 excitatur
1911 2247 1929 2275 ,
1959 2221 2061 2262 nec
2088 2207 2188 2262 de-

587 2292 795 2348 clinare
831 2294 981 2349 novit
1011 2295 1156 2366 quod
1186 2306 1415 2366 noceat,
1460 2298 1654 2354 similis
1680 2305 1765 2355 est
1786 2312 1895 2353 non
1941 2298 2185 2355 sentien-

593 2387 758 2443 tibus.

1206 2485 1436 2545 CAPUT
1477 2487 1566 2544 IV.

659 2578 727 2634 Et
756 2594 944 2636 revera
978 2580 1069 2638 ubi
1113 2581 1342 2638 libertas
1370 2592 1480 2648 tua,
1515 2580 1673 2654 cujus
1706 2580 1889 2637 studio
1915 2580 2187 2653 quondam

591 2688 697 2728 non
722 2673 1018 2745 Egyptiis,
1044 2690 1151 2729 non
1182 2675 1515 2741 Palmstinis,
1552 2692 1657 2730 tton
1685 2674 1927 2747 Assyriis
1948 2717 1965 2742 ,
2001 2684 2190 2745 postea

593 2781 699 2822 non
732 2767 900 2822 Medis
928 2768 1233 2824 cedendum
1266 2768 1687 2825 existimavisti?
1718 2767 1809 2823 ubi
1840 2779 1923 2823 est
1964 2769 2052 2823 illa
2082 2769 2193 2823 Ma-

590 2861 938 2917 chabzeorum
964 2863 1120 2928 fides,
1149 2879 1272 2933 qua:
1298 2864 1575 2933 quondam
1608 2864 1659 2918 itt
1694 2866 1883 2933 paucis
1919 2862 2059 2917 fudit
2089 2862 2188 2917 Ba-

592 2952 877 3024 bylonios,
910 2954 1106 3010 Persas
1143 2954 1381 3025 fugavit,
1442 2956 1770 3011 ltemctriutn
1813 2957 2081 3027 perculit;
2123 2956 2190 3010 ad

594 3054 929 3115 postremum
958 3046 1011 3101 in
1037 3047 1278 3116 parvulis
1299 3062 1363 3101 ac
1394 3046 1714 3103 mulieribus
1739 3047 1990 3102 Antiochi
2015 3062 2187 3113 arma,

591 3138 802 3207 gladios
832 3138 1197 3209 incendiaque
1240 3141 1519 3210 superavit
1551 3158 1564 3194 :
1593 3149 1649 3196 et
1680 3156 1778 3211 pro
1807 3140 2191 3195 observatione

2916 1919 3148 1979 CAPUT
3189 1922 3279 1978 VI.

2360 2016 2420 2071 In
2448 2017 2650 2087 templo
2675 2016 2839 2089 igitur
2864 2017 2961 2087 ipsi
2987 2032 3086 2087 pro
3113 2020 3405 2087 unguentis
3433 2017 3572 2074 bene
3593 2017 3853 2081 olentibus,

2291 2124 2389 2178 pro
2412 2109 2868 2181 tltytniamateriis
2893 2110 3031 2165 bene
3053 2109 3407 2179 Spirantibus,
3434 2124 3534 2180 pro
3553 2108 3853 2165 diversorum

2290 2201 2483 2256 florum
2514 2201 2777 2257 odoribus
2803 2244 2817 2268 ,
2863 2203 3044 2272 gravis
3072 2209 3191 2256 erat
3235 2200 3632 2271 insepultorum
3661 2200 3857 2255 cadave-

2291 2311 2409 2350 rum
2456 2295 2616 2361 fetur,
2646 2311 2766 2366 quae
2792 2294 2973 2365 pluvia
3005 2294 3323 2349 dissolverat
3344 2335 3361 2361 ,
3384 2310 3507 2364 quae
3537 2294 3737 2349 flamma
3760 2309 3857 2347 atu-

2292 2389 2566 2455 busserat,
2590 2403 2711 2460 quae
2737 2389 2818 2444 sol
2845 2387 3195 2444 calefecerat.
3227 2386 3431 2443 Omnes
3454 2397 3605 2443 artus
3625 2401 3853 2443 carsorum
3906 2388 3907 2411 ῖ

2292 2482 2490 2537 civium
2532 2480 2652 2536 diro
2697 2481 2867 2536 odore
2917 2479 3180 2537 fetebant.
3221 2479 3361 2536 Hinc
3398 2480 3752 2536 resolutorum
3781 2495 3858 2549 pu-

2292 2576 2449 2632 tredo
2476 2576 2773 2640 viscerum,
2800 2574 2929 2630 ittde
2959 2583 3276 2630 exustorum
3306 2573 3468 2629 nidor
3488 2588 3677 2629 sensus
3695 2588 3855 2627 omnes

2292 2679 2455 2742 atque
2480 2686 2574 2727 ora
2605 2671 2954 2741 complebant
2983 2670 3279 2725 viventium
3299 2711 3314 2736 ,
3360 2678 3419 2724 ιιι
3449 2668 3550 2740 ipsi
3581 2684 3682 2723 non
3711 2668 3854 2722 multo

2293 2778 2415 2835 post
2442 2766 2695 2835 graviore
2743 2763 2933 2818 morbo
2977 2771 3468 2827 consumerentur,
3502 2775 3568 2817 ac
3609 2776 3667 2816 se
3701 2775 3855 2827 super-

2293 2860 2449 2915 SIites
2496 2858 2952 2930 ingemisccrcnt,
2990 2857 3133 2930 quod
3172 2858 3398 2913 duriore
3428 2872 3586 2927 poena
3621 2856 3854 2927 perirent,

2294 2966 2468 3022 eoque
2508 2961 2791 3017 servatos,
2838 2961 2895 3005 ttt
2939 2950 3188 3005 viderent
3216 2965 3338 3005 cunt
3373 2949 3552 3020 patria
3581 2948 3727 3004 simul
3747 2944 3857 3001 solvi

2295 3048 2458 3103 etiam
2494 3047 2641 3118 leges
2682 3055 2926 3113 naturae,
2960 3045 3146 3117 negari
3184 3045 3274 3115 jus
3321 3044 3661 3107 viventibus,
3702 3055 3855 3113 pacem

2295 3140 2525 3207 civibus,
2553 3140 2886 3211 sepulturam
2914 3136 3208 3203 defunctis,
3240 3136 3475 3191 humana
3507 3135 3701 3207 pariter
3723 3146 3855 3199 atque
3910 3160 3911 3203 χ

593 3230 784 3301 patria:
811 3232 948 3286 mori
976 3231 1201 3298 maluit,
1234 3247 1395 3302 quam
1438 3232 1604 3303 regiis
1633 3233 1874 3302 imperiis
1909 3233 2190 3301 obtempc-
2217 3215 2262 3279 (ἶ
2294 3232 2481 3287 divina
2515 3231 2779 3287 maculari
2822 3246 2886 3286 ac
2913 3230 3116 3301 pollui,
3154 3227 3422 3297 permixta
3465 3228 3665 3282 omnia.
3693 3224 3856 3280 Criuti-
3910 3218 3911 3221 “

593 3325 757 3379 rare?
789 3323 894 3381 Ubi
925 3333 1010 3382 est
1036 3326 1128 3381 illa
1157 3326 1378 3383 devotio
1407 3338 1639 3397 patrum,
1668 3328 2036 3400 pulcherrima
2070 3345 2194 3399 pas-

590 3415 806 3471 sionum
833 3419 1076 3474 omnium
1105 3461 1119 3485 ,
1152 3435 1257 3490 qua
1288 3436 1348 3476 se
1378 3436 1485 3476 non
1535 3438 1634 3491 pro
1682 3422 1871 3477 liberis
1895 3464 1910 3489 ,
1952 3438 2059 3477 non
2094 3438 2192 3492 pro

594 3508 916 3580 conjugibus
945 3510 1144 3582 magis,
1188 3528 1349 3582 quant
1376 3528 1473 3583 pro
1501 3515 1702 3582 templo
1742 3516 1837 3570 Dei
1869 3518 2028 3571 morti
2062 3517 2194 3572 oll'e-

596 3602 820 3657 rebant?
866 3601 1041 3659 Antea
1073 3611 1129 3660 et
1156 3605 1303 3676 virga
1346 3605 1704 3662 sacerdotalis
1752 3606 1973 3673 ﬂoruit,
2018 3611 2191 3663 recisa

592 3692 663 3750 de
703 3695 937 3751 silvestri
969 3697 1152 3754 radice
1196 3716 1211 3753 :
1245 3714 1388 3754 nunc
1433 3709 1487 3755 et
1517 3699 1652 3755 ﬁdes
1687 3709 1847 3768 aret,
1880 3710 1937 3757 et
1980 3702 2189 3772 sepulta

589 3796 671 3843 est
721 3789 929 3857 pietas,
971 3799 1027 3845 et
1075 3792 1207 3847 abiit
1249 3793 1429 3849 omnis
1466 3795 1687 3850 virtutis
1728 3796 2024 3851 aemulatio.
2077 3796 2187 3852 Nec

594 3883 821 3947 mirum,
846 3883 891 3937 si
917 3884 1148 3954 populus
1179 3888 1269 3957 qui
1307 3902 1335 3940 a
1370 3888 1479 3943 Deo
1508 3889 1766 3957 recessit,
1804 3900 1855 3945 ct
1883 3890 2190 3960 improbum

589 3976 1040 4032 contradictionis
1061 3979 1312 4048 spiritum
1343 3980 1610 4051 sequitur,
1636 3979 1768 4036 inse
1794 3984 1967 4053 ipsum
1986 3981 2190 4037 divisus

591 4075 696 4119 est.
727 4065 1011 4134 Quomodo
1041 4068 1185 4124 enim
1213 4084 1398 4138 pacem
1429 4086 1581 4125 suam
1616 4080 1800 4127 tenere
1832 4082 2066 4143 p0tcrat,
2096 4073 2188 4143 qui

591 4171 779 4226 pacent
802 4157 896 4213 Dei
923 4160 1262 4229 repudiavit?
1300 4160 1419 4216 Pax
1447 4160 1543 4216 Dei
1582 4161 1821 4218 Christus
1851 4173 1961 4231 est,
1995 4166 2085 4235 qui
2115 4169 2191 4236 fe-

588 4249 659 4304 cit
681 4259 899 4322 utraque
919 4270 1080 4307 unum
1112 4254 1331 4328 (Ep/tes.
1367 4274 1402 4312 tt
1424 4299 1439 4325 ,
1471 4256 1586 4329 lli).
1611 4258 1804 4315 Merito
1827 4275 1959 4331 ergo
1978 4270 2049 4317 ‘ex
2081 4278 2189 4317 uno

590 4346 794 4415 p0pttlo
838 4347 1024 4418 plures
1068 4348 1355 4407 adversum
1386 4367 1446 4408 se
1477 4354 1601 4408 facti
1642 4365 1802 4421 sunt,
1835 4355 1961 4425 quia
1993 4357 2186 4414 nolue-

589 4447 715 4492 runt
741 4441 892 4511 sequi
919 4441 1090 4498 divisa
1118 4444 1421 4501 sociantem
1450 4445 1672 4511 Jesum,
1718 4447 1815 4503 sed
1852 4450 2026 4505 secuti
2060 4458 2189 4506 sunt

588 4532 876 4603 conjuncta
907 4535 1239 4594 dividentem
1272 4537 1472 4594 furoris
1499 4540 1773 4611 spiritum.

1195 4630 1448 4702 ,carur
1487 4632 1553 4688 v.
1772 4695 1791 4708 _

661 4721 925 4777 Solvebas
953 4723 1138 4793 igitur,
1191 4724 1556 4791 Hierusalem,
1587 4727 1894 4785 mercedem
1946 4726 2189 4798 perfidia:

588 4818 729 4878 tum,
774 4829 897 4869 cunt
945 4815 1059 4886 ipsa
1091 4817 1198 4872 tuis
1226 4819 1476 4875 manibus
1514 4819 1826 4877 destrueres
1852 4821 2189 4877 munimenta

590 4912 711 4973 tua,
770 4921 891 4962 cunt
923 4909 1032 4962 tuis
1078 4910 1431 4967 mucronibus
1457 4911 1675 4969 foderes
1705 4915 1917 4971 viscera
1951 4924 2075 4981 tua,
2114 4916 2186 4969 ita

590 5009 652 5054 ut
675 5002 847 5057 hostis
873 5002 1246 5072 misereretur,
1278 5017 1337 5060 ut
1368 5006 1460 5062 ille
1483 5019 1820 5078 parceret,et
1854 5020 1909 5065 tu
1940 5012 2181 5065 saevires.

590 5095 827 5152 Videbas
856 5098 1000 5153 enim
1020 5139 1036 5166 ,
1069 5101 1213 5171 quod
1243 5102 1382 5157 Deus
1413 5103 1700 5158 adversum
1727 5112 1777 5160 te
1810 5112 2102 5175 pugnaret,
2133 5112 2187 5159 et

589 5188 960 5247 Romanorum
985 5193 1296 5264 fungeretur
1322 5198 1585 5266 partibus,
1612 5205 1672 5251 ut
1694 5199 1808 5266 ipsa
1832 5198 1925 5252 tibi
1955 5197 2188 5253 inferres

590 5283 952 5339 voluntariam
981 5286 1337 5357 perdition‘tattt
1371 5306 1383 5342 :
1414 5288 1535 5344 ideo
1556 5299 1891 5359 Spectatores
1913 5289 2187 5346 malebant

592 5392 716 5434 esse
746 5378 1014 5446 Romani,
1040 5398 1201 5452 quam
1232 5397 1615 5453 percussores,
1645 5401 1713 5440 ne
1746 5383 2055 5439 furentibus
2084 5384 2188 5440 tuis

597 5473 741 5530 inter
784 5490 844 5530 se
886 5475 1185 5533 visceribus
1213 5518 1228 5543 ,
1263 5494 1479 5533 manttm
1509 5478 1803 5536 admovere
1848 5478 2189 5548 contagionis

602 5565 794 5636 magis,
826 5582 985 5637 quam
1017 5568 1350 5627 fortitudinis
1385 5565 1803 5627 mstitnat‘entur.
1836 5570 1918 5627 Ad
1948 5570 2064 5625 haec
2095 5585 2188 5625 ne-

595 5653 777 5712 fanda:
825 5657 978 5713 necis
1011 5659 1278 5730 supplicia
1327 5662 1619 5720 accedebat
1666 5663 1829 5735 impia
1875 5661 2187 5720 immanitas

657 5782 681 5828 ά
723 5792 747 5844 1
758 5796 1037 5863 murgere‘t.
1064 5786 1231 5850 Bauli.

2296 3342 2481 3382 nosam
2526 3341 2648 3381 esse
2695 3324 3162 3391 misericordiam,
3216 3322 3497 3392 religionis
3546 3323 3663 3376 loco
3701 3317 3854 3374 haberi

2294 3420 2705 3486 crudelitatem,
2733 3429 2972 3476 castrum
3014 3419 3069 3473 itt
3105 3418 3338 3489 templo,
3368 3416 3573 3474 bellum
3608 3417 3657 3470 in
3682 3415 3855 3478 limine,

2294 3514 2457 3567 funus
2486 3512 2539 3566 in
2571 3512 2836 3567 altaribus
2872 3527 2885 3565 :
2916 3525 2977 3567 ea
3007 3519 3255 3581 spectare
3280 3509 3483 3575 oculis,
3516 3525 3633 3578 qua:
3659 3505 3855 3578 proplteo

2296 3608 2364 3661 tis
2392 3606 2842 3661 denuntiantibus
2882 3620 2991 3660 non
3022 3602 3388 3660 credidissent
3426 3602 3629 3656 futura.
3658 3599 3776 3655 Nam
3804 3596 3854 3649 de

2297 3699 2380 3753 his
2433 3699 2645 3755 dixerat
2699 3698 2865 3753 David
2913 3715 2925 3749 :
2974 3696 3291 3752 Polluerunt
3352 3694 3606 3765 templum
3655 3701 3854 3747 sanctum

2295 3803 2443 3846 tuum
2463 3834 2476 3858 ,
2509 3800 2793 3864 posuerunt
2821 3790 3061 3845 mortalia
3091 3805 3351 3844 servarunt
3391 3800 3599 3843 tuorum
3626 3802 3755 3842 erras
3776 3798 3849 3835 ro-

2294 3886 2526 3941 latilibus
2548 3885 2661 3941 ειηιί
2679 3902 2698 3940 :
2721 3885 3014 3952 e/Iuderuut
3031 3884 3338 3955 sanguinem
3356 3899 3535 3937 eorum
3552 3883 3678 3936 sicut
3697 3891 3850 3947 aquam

2292 3984 2347 4037 in
2377 3983 2595 4037 circuitu
2624 3980 2976 4046 Hierusalem,
3005 3990 3176 4033 etnon
3198 3988 3307 4032 erat
3333 3978 3422 4048 qui
3444 3977 3679 4049 sepeliret
3705 3968 3849 4046 (Psal-

2295 4091 2490 4131 uxvttt
2507 4117 2521 4140 ,
2548 4074 2684 4144 1-5).
2712 4073 2884 4129 Simul
2909 4074 3052 4127 enim
3073 4083 3221 4134 tunc,
3245 4080 3301 4125 et
3321 4079 3519 4140 gentes
3546 4072 3785 4124 venerunt
3811 4063 3850 4114 ill

2295 4169 2666 4224 hazreditatetn
2714 4168 2804 4221 Dei
2833 4181 2953 4237 qua:
2995 4163 3235 4220 auferret
3263 4163 3487 4229 omnia,
3533 4170 3589 4216 et
3635 4155 3852 4227 templum

2294 4261 2556 4331 pollutum
2600 4269 2685 4314 est
2714 4274 2935 4313 suorum
2966 4257 3279 4321 funeribus,
3314 4262 3370 4309 et
3408 4251 3678 4324 insepulta
3700 4250 3855 4320 jacue-

2293 4366 2422 4411 runt
2446 4355 2712 4411 cadavera
2746 4351 3155 4410 interfectorum
3183 4349 3250 4405 ad
3282 4363 3466 4405 escam
3495 4348 3670 4402 aviunt
3692 4340 3854 4398 bestia—

2292 4463 2520 4518 rumque
2548 4448 2899 4503 voracitatetn
2922 4487 2938 4514 ,
2967 4444 3171 4501 effusus
3190 4441 3413 4514 sanguis
3441 4451 3499 4495 ttt
3525 4443 3779 4510 stagnaret
3807 4431 3849 4484 in

2294 4543 2501 4613 templo
2526 4583 2541 4609 ,
2589 4542 2807 4597 deesset
2844 4541 2936 4611 qui
2968 4538 3228 4609 sepeliret
3277 4554 3291 4591 :
3332 4536 3462 4607 quia
3499 4533 3771 4590 viventium
3809 4526 3851 4579 in

2216 4607 2269 4667 D
2294 4649 2560 4703 mortuos,
2590 4650 2621 4690 a
2644 4634 2874 4689 mortuis
2900 4634 2953 4689 in
2985 4648 3082 4689 eos
3112 4631 3204 4703 qui
3226 4630 3408 4685 adhuc
3440 4628 3706 4692 viverent,
3732 4620 3851 4677 furor

2293 4728 2744 4786 transferebatur.
2778 4726 3011 4784 Volebat
3039 4726 3235 4795 aliquis
3264 4724 3584 4780 defunctum
3629 4722 3848 4777 humare,

2290 4825 2408 4896 ipse
2434 4824 2907 4893 exsdngttebatur.
2935 4823 3009 4878 Et
3035 4823 3123 4892 qui
3156 4820 3474 4876 defunctum
3504 4819 3778 4875 occiderat,
3805 4810 3847 4864 in

2288 4918 2625 4989 sepultorem
2670 4914 3034 4971 transferebat
3078 4914 3412 4970 iracundiam
3436 4954 3450 4976 ,
3484 4922 3545 4967 ut
3588 4912 3664 4966 illi
3703 4903 3848 4975 sepul-

2290 5019 2462 5066 turam
2495 5017 2717 5079 negaret
2745 5026 2758 5062 :
2787 5007 2931 5063 hunc
2956 5007 3340 5079 exstinguebat
3369 5022 3562 5062 rursus
3589 5006 3674 5076 qui
3701 4997 3851 5069 sepul-

2291 5113 2466 5159 torem
2509 5100 2826 5166 occiderat,
2868 5102 3132 5170 majorem
3176 5098 3559 5155 crudelitatem
3605 5098 3740 5153 circa
3773 5089 3849 5144 de-

2287 5196 2534 5251 functum
2583 5194 2921 5263 exercebat,
2965 5203 3027 5249 ut
3068 5194 3180 5264 jam
3213 5193 3351 5247 nihil
3402 5192 3684 5248 debentem
3711 5184 3841 5243 odia.

2290 5304 2400 5344 non
2429 5288 2753 5344 sentientem
2782 5286 3074 5357 supplicia,
3099 5286 3363 5357 spoliaret
3392 5298 3649 5356 supremo
3677 5288 3842 5336 natura:

2289 5382 2494 5439 debito.

2898 5471 3127 5529 CAPUT
3161 5471 3276 5527 VII.

2367 5567 2508 5639 Quid
2550 5567 2657 5623 illis
2679 5564 2933 5622 accidere
2962 5564 3106 5621 aliud
3136 5574 3388 5636 poterat,
3419 5565 3513 5636 qui
3536 5560 3704 5619 divina
3753 5565 3834 5607 ιιοιι

2288 5661 2628 5735 recipiebant
2655 5658 2911 5717 oracula?
2934 5659 3238 5716 lrridebant
3261 5658 3643 5732 prophetarum
3667 5656 3836 5706 annutt“

2361 5778 2387 5836 ί)
2430 5799 2591 5854 Forte
2621 5796 2973 5853 sentientium.
3001 5795 3279 5853 GALLAND.
