3948 6316
86 277 226 335 2209

740 276 1017 337 HISTOR.
1062 277 1151 335 DE
1194 274 1471 335 EXClIth
1512 275 1780 334 HIEROS.
1825 274 2034 336 URBIS
2082 275 2745 339 ΑΝΑΟΕΡΗΑιΑΞΟδΙδ.

3246 283 3388 341 2Ξ10

86 396 375 462 ιὶειιῖοιιοε,
406 392 484 447 las
514 407 677 449 omne
722 395 1026 461 calcabam,
1059 395 1347 465 futuraque
1378 406 1437 451 ut
1466 395 1678 463 ﬁerent,
1713 406 1765 465 Α
1790 392 2081 449 ﬁuentibus
2110 410 2246 466 quos
2280 406 2303 434 ο
2335 396 2643 467 gynrecicns
2671 404 2907 452 vocant:
2941 410 3041 454 nec
3068 398 3391 457 mulieribus

85 490 183 560 ipsi
213 488 685 544 acceleraverunt.
718 488 851 543 Erat
879 490 1022 544 enim
1053 505 1235 545 sermo
1267 498 1424 545 vetus
1470 500 1525 545 ct
1582 489 1687 544 frc-

85 596 263 651 quens
288 621 303 644 ,
355 591 481 635 tunc
515 580 815 651 perituram
844 581 1183 637 Hierusalem
1239 591 1294 637 et
1329 590 1517 640 sancta
1568 582 1686 653 ejus

88 674 369 729 cxurenda
393 714 409 741 ,
456 688 581 730 cum
610 674 817 731 seditio
856 673 986 730 belli
1037 674 1210 745 legem
1243 675 1581 743 incesseret,
1635 683 1691 729 et

88 768 409 823 domesticae
442 783 636 824 manus
665 767 927 839 templum
961 768 1055 823 Dei
1087 769 1543 825 contaminarent.
1576 766 1688 825 Nec

90 861 190 916 huc
216 859 440 932 quidem
470 861 858 917 intellexerunt
891 878 904 914 :
937 860 1165 926 Quoties
1199 862 1344 917 enim
1374 861 1558 917 excisa
1588 860 1688 915 do-

88 967 207 1008 mus
236 952 377 1009 Dei!
408 953 625 1024 quoties
657 954 891 1009 seditio!
918 953 1129 1025 quoties
1154 954 1393 1010 bellum!
1426 963 1483 1011 et
1530 970 1686 1010 num-

90 1067 247 1121 quam
278 1051 371 1106 illa
392 1049 519 1105 urbs
545 1050 741 1120 periit,
771 1050 873 1106 nisi
895 1066 1017 1105 cum
1048 1050 1338 1105 Dominum
1366 1065 1494 1106 vere
1525 1050 1567 1104 '1‘
1572 1064 1687 1105 em-

93 1164 104 1214 ι
129 1146 235 1200 lum
265 1144 366 1200 Dei
391 1142 708 1199 domesﬁcis
739 1143 989 1198 manibus
1011 1142 1423 1201 crueiﬁxerunt.
1455 1142 1688 1213 Propter

92 1240 229 1308 quod
261 1246 321 1293 et
348 1237 480 1292 illud
508 1236 775 1291 audiunt:
812 1235 1011 1291 Solvite
1039 1237 1285 1306 templum
1307 1238 1424 1300 hoc,
1455 1237 1573 1290 etin
1594 1236 1687 1290 tri-

94 1336 177 1388 bus
205 1332 387 1387 diebus
408 1332 725 1386 resuscitabo
757 1330 890 1385 illud
911 1330 1091 1402 (Joan.
1124 1345 1193 1397 ιι,
1230 1329 1345 1402 19).
1375 1328 1516 1398 Quid
1541 1330 1687 1384 enim

92 1427 231 1482 aliud
254 1425 360 1481 nisi
383 1425 734 1496 sacrilegium
764 1423 888 1490 fuit,
919 1440 1041 1478 tum
1066 1423 1260 1493 impias
1281 1437 1477 1477 manus
1502 1432 1692 1479 exten-

92 1521 278 1575 derent
303 1519 358 1574 in
385 1531 667 1574 auctorem
694 1518 1047 1583 salutis,eum
1073 1516 1378 1588 lapidarent
1404 1532 1688 1581 eum,cum

95 1614 466 1678 verberarem,
494 1628 617 1668 cum
640 1613 1003 1682 corriperent,
1027 1626 1151 1666 cum
1169 1611 1519 1668 occiderent?
1539 1612 1691 1670 Tunc

93 1724 212 1763 vere
235 1715 425 1762 sancta
440 1722 630 1762 eorum
653 1704 1107 1775 absumpsitigttis
1124 1704 1358 1759 divinus.
1376 1704 1508 1760 Nam
1529 1721 1692 1761 exus-

1790 497 2070 541 mensmto
2094 502 2291 543 cruore
2322 489 2565 558 pollutis,
2598 505 2773 560 neque
2803 489 2923 545 aliis
2947 491 3243 563 inquinatis
3268 510 3391 564 par-

1789 578 2014 649 tieipare
2088 579 2355 635 sacriﬁcia
2414 581 2876 651 permittebantur
2937 582 3035 639 sed
3091 599 3194 641 nec
3261 584 3392 641 alie-

1788 671 1999 742 nigenis
2022 672 2237 743 quidem
2258 716 2273 743 ,
2311 674 2416 730 nisi
2458 676 2551 745 qui
2582 674 2861 747 religionis
2897 690 3062 732 causa
3090 678 3393 735 venissent.

2406 764 2634 823 CAPUT
2672 766 2765 822 IX.

1860 860 2047 933 Magna
2076 876 2204 917 vero
2232 861 2349 918 haec
2377 862 2666 920 multitudo
2696 863 2765 921 ab
2785 866 3059 923 extraneis
3081 881 3389 940 congrega-

1788 953 1967 1011 batur.
2003 956 2153 1012 Tunc
2180 966 2358 1012 tamen
2389 958 2563 1014 veluti
2596 957 2649 1013 in
2682 974 2961 1016 carcerem
2987 970 3097 1016 tota
3121 977 3254 1033 gens
3278 962 3390 1017 fato

1789 1050 2046 1105 conclusa
2072 1060 2158 1105 est
2179 1091 2194 1115 ,
2220 1059 2275 1106 et
2304 1050 2443 1106 l'arta
2465 1051 2777 1108 hominibus
2804 1055 3034 1122 civitas,
3069 1055 3214 1111 bello
3237 1056 3389 1112 obsi-

1788 1140 2037 1197 debatur.
2072 1143 2258 1214 Itaque
2283 1157 2501 1199 omnem
2545 1152 2769 1215 superat
2798 1144 3090 1202 humanam
3113 1189 3128 1215 ,
3171 1158 3226 1204 et
3253 1148 3395 1205 divi-

1790 1234 1937 1289 nitus
1964 1236 2220 1291 emissam
2250 1245 2459 1307 pestem
2492 1253 2750 1294 numerus
2774 1250 3179 1312 peremptorum
3202 1283 3217 1309 ,
3250 1258 3391 1314 quos

1791 1328 1988 1397 partim
2018 1328 2194 1397 palam
2218 1329 2569 1398 occiderunt,
2602 1330 2798 1402 partim
2824 1344 3092 1402 ceperunt
3118 1333 3374 1391 Romani.

1789 1421 2073 1479 Ritnantes
2113 1426 2258 1479 enim
2299 1425 2513 1480 cloacas
2562 1432 2615 1481 et
2643 1426 2893 1497 sepulcra
2923 1437 3210 1499 eruentes,
3251 1445 3390 1500 quos

1791 1514 2145 1571 oﬂ‘endissent
2164 1557 2179 1582 ,
2207 1515 2549 1572 occidebant.
2576 1518 2787 1575 Inventi
2814 1531 2934 1575 sunt
2965 1532 3145 1577 autem
3168 1521 3239 1577 ibi
3268 1522 3389 1591 plus

1792 1624 1951 1679 quam
1968 1610 2078 1665 duo
2095 1610 2287 1677 millia,
2305 1625 2536 1682 quorum
2562 1611 2658 1667 alii
2684 1628 2846 1668 manu
2870 1627 2989 1681 sua,
3014 1615 3194 1684 plures
3208 1622 3388 1672 autem

1794 1704 1999 1758 mutuis
2027 1719 2087 1759 se
2110 1704 2429 1760 vulneribus
2450 1704 2869 1774 interfecerunt,
2901 1722 3022 1762 cum
3049 1707 3221 1763 fames
3249 1708 3388 1764 alios

98 1814 139 1855 ta
167 1818 194 1856 a
219 1799 830 1873 Babyloniis,rcparata
845 1797 1160 1853 cst.Postea
1184 1797 1502 1853 destructaa
1526 1798 1687 1854 Pom-
1715 1802 1763 1863 B
1791 1799 2163 1870 corripuisset.
2184 1798 2433 1855 Luebant
2453 1800 2599 1856 enim
2627 1800 2900 1857 scelerum
2927 1817 3153 1857 suorum
3180 1803 3389 1873 suppli-

95 1897 227 1965 pcio,
260 1894 560 1950 reformata
583 1894 806 1948 iterum.
832 1891 937 1947 Sed
964 1891 1176 1962 penitus
1200 1903 1389 1948 exusta
1410 1893 1498 1948 ubi
1527 1892 1686 1950 Jesus

104 1988 262 2056 venit,
295 1996 352 2042 et
390 1986 621 2057 Spiritus
646 1985 816 2042 divini
840 1986 1016 2042 soluta
1044 1998 1403 2043 evanuerunt.
1434 1988 1687 2058 Oportuit

99 2082 344 2137 uberiore
360 2081 595 2152 quadam
612 2080 989 2151 deploratione
1007 2080 1203 2150 prmire
1222 2095 1322 2136 nos
1339 2081 1362 2135 l'
1362 2096 1497 2136 unus
1511 2079 1686 2151 quod-

96 2177 214 2231 dam
244 2187 487 2247 paternae
510 2174 904 2241 solemnitalis,
939 2186 993 2230 et
1039 2173 1187 2228 velut
1210 2173 1468 2244 quasdam
1494 2188 1680 2243 .exsev

94 2269 238 2341 quias
270 2270 563 2342 prosequi,
605 2284 670 2324 ac
696 2270 909 2325 solvere
930 2268 1081 2339 juxta
1120 2269 1385 2340 majorum
1416 2267 1682 2323 instituta.

687 2362 917 2419 CAPUT
961 2361 1092 2417 VIII.

157 2458 260 2514 Sed
293 2459 581 2515 veniamus
599 2458 664 2513 ad
696 2472 963 2511 summam
988 2457 1288 2512 eversionis
1325 2456 1682 2523 Hierusalem,

100 2562 143 2606 et
169 2551 230 2606 ad
261 2550 629 2622 dejectionem
659 2548 995 2605 Iudaeorum.
1029 2548 1224 2603 Merito
1262 2548 1529 2619 siquidem
1553 2548 1689 2619 deji-

98 2645 260 2699 ciendi
292 2654 350 2701 et
383 2645 520 2700 viles
548 2643 787 2698 habendi
819 2642 1053 2709 fuerant,
1086 2643 1176 2713 qui
1206 2641 1476 2697 universis
1500 2641 1689 2711 pretiis

102 2737 395 2793 cliariorcm
411 2736 600 2792 Jesum
623 2777 640 2803 ,
673 2735 895 2805 triginta
919 2735 1267 2790 denariorum
1314 2734 1493 2805 pretio
1518 2749 1548 2788 a
1578 2733 1688 2789 dis-

100 2831 265 2901 cipulo
294 2836 754 2901 comparaverant
781 2845 794 2882 :
830 2843 936 2884 non
968 2838 1029 2883 ut
1073 2843 1198 2883 eum
1252 2827 1519 2882 baberent
1550 2835 1688 2879 tam-

101 2941 241 2996 quam
274 2926 600 2990 Dominum,
634 2922 730 2978 sed
759 2931 817 2978 ttt
845 2922 914 2978 de
943 2930 1084 2978 terra
1108 2921 1403 2976 viventium
1437 2920 1691 2976 tollerent

101 3018 230 3071 \‘rlut
254 3018 525 3088 iniquum.
553 3015 732 3084 Quare
747 3014 871 3085 jure
891 3012 958 3068 de
986 3013 1299 3069 litei'editate
1325 3028 1444 3079 sua,
1469 3011 1689 3067 viliores

103 3109 281 3178 paleis,
318 3112 376 3164 in
409 3123 629 3164 omnem
679 3119 879 3162 terram
911 3105 1155 3161 ventilati
1191 3115 1318 3160 sunt
1356 3119 1387 3159 a
1415 3104 1686 3175 gentibus,

1789 1893 1895 1958 cia,
1910 1892 2003 1963 qtti
2019 1901 2303 1964 postquam
2316 1893 2503 1949 Jesum
2519 1894 2909 1950 eruciﬁxerunt
2923 1894 3231 1951 divinorum
3246 1896 3391 1951 arbi-

1789 1994 1953 2051 trum,
1991 1994 2176 2056 postea
2207 1987 2370 2043 etiam
2402 1987 2703 2058 discipulos
2732 1989 2849 2058 ejus
2878 1990 3385 2059 persequebantur:

1792 2079 2035 2150 plerique
2084 2088 2264 2135 tamen
2308 2079 2656 2146 Judreorum,
2698 2081 2984 2151 gentilium
3012 2081 3230 2152 plurimi
3269 2095 3394 2138 cre-

1791 2171 2043 2227 diderunt
2072 2173 2123 2227 in
2156 2189 2304 2239 eum,
2336 2188 2459 2229 cum
2483 2175 2768 2245 praeceptis
2788 2174 3083 2231 moralibus
3103 2174 3395 2246 operibus-

1790 2280 1896 2337 que
1929 2267 2070 2321 ultra
2103 2266 2394 2322 humanam
2428 2267 2845 2337 possibilitatem
2879 2266 3271 2338 proﬁuentibns
3311 2269 3397 2324 in-

1787 2358 2090 2414 vitarentur
2112 2401 2126 2426 ,
2151 2359 2349 2430 quibus
2389 2374 2492 2415 nec
2521 2375 2673 2417 mors
2702 2360 2924 2432 quidem
2954 2362 3074 2431 ejus
3103 2361 3187 2417 vel
3226 2360 3388 2429 ﬁdei,

1792 2451 1873 2506 vel
1914 2452 2104 2522 gratiae
2137 2451 2301 2507 ﬁnem
2349 2452 2607 2523 imposuit
2637 2470 2651 2507 :
2681 2453 2849 2508 immo
2882 2453 3046 2508 etiam
3094 2452 3395 2507 cumulavit

1790 2542 2156 2599 devotionem.
2192 2543 2496 2599 lntulerunt
2522 2559 2738 2615 quoque
2770 2542 3125 2614 parricidales
3155 2558 3388 2613 manus,

1790 2644 1954 2705 atque
1980 2644 2258 2691 auctorem
2285 2635 2412 2690 vita:
2449 2635 2883 2692 interﬁciendum
2910 2636 2976 2691 ad
3008 2636 3243 2691 Pilatum
3292 2635 3391 2693 de-

1793 2726 2039 2783 duxere:
2087 2727 2557 2800 reluctantemque
2600 2738 2885 2799 coeperunt
2916 2744 3207 2800 perurgere
3247 2728 3393 2798 judi-

1792 2837 1908 2879 cetn
1938 2839 1951 2876 :
1981 2821 2035 2875 iu
2068 2837 2177 2892 quo
2203 2829 2384 2878 tamen
2407 2837 2514 2877 non
2546 2831 2836 2878 excusatur
2861 2821 3068 2878 Pilatus
3091 2863 3108 2890 ,
3159 2822 3257 2877 sed
3285 2820 3387 2877 Ju-

1792 2912 2032 2969 tlworum
2058 2914 2296 2970 amentia
2317 2914 2670 2971 coacerbatur
2709 2932 2723 2968 :
2756 2913 2882 2984 quia
2927 2929 3027 2970 nec
3052 2913 3147 2970 ille
3175 2913 3391 2984 adjudi-

1793 3021 1918 3061 care
1948 3004 2171 3071 debuit,
2230 3020 2393 3075 quem
2439 3021 2591 3060 reum
2638 3005 2863 3061 minime
2914 3004 3389 3075 deprehenderat,

1796 3115 1895 3155 nec
1923 3101 2009 3155 isti
2039 3100 2383 3171 sacrilegium
2418 3099 2710 3170 parricidio
2736 3099 3049 3169 geminare,
3084 3109 3144 3155 ut
3167 3100 3237 3156 ab
3263 3098 3380 3167 bis,

100 3219 217 3273 quas
232 3203 739 3261 l‘ormidaverantne
764 3201 872 3257 sibi
890 3200 1140 3255 locumet
1160 3208 1379 3271 gentem
1405 3199 1682 3254 tollerent.
1713 3197 1757 3260 C
1792 3196 1881 3267 qui
1911 3196 1978 3250 ad
2011 3193 2358 3252 redimendos
2384 3205 2439 3251 et
2468 3194 2742 3251 sanandos
2796 3210 2892 3251 eos
2944 3209 3067 3250 sese
3111 3194 3392 3251 obtulerat

102 3296 157 3352 Et
175 3299 259 3368 qtti
282 3299 506 3370 triginta
526 3295 765 3353 denariis
782 3294 965 3350 Jesum
994 3298 1446 3363 comparaverant
1472 3290 1537 3346 ad
1569 3304 1689 3360 pcr-

102 3390 342 3462 dendum,
364 3394 512 3465 jttste
543 3400 727 3463 postea
765 3388 982 3460 triginta
1001 3388 1174 3457 capita
1199 3400 1421 3442 suorum
1440 3385 1692 3440 viderunt

102 3488 242 3542 vendi
262 3505 371 3543 uno
386 3486 610 3542 denario
621 3484 686 3539 ad
706 3481 1064 3538 illudettdum.
1097 3480 1230 3547 Quia
1248 3478 1409 3549 igitur
1421 3492 1558 3548 pene
1575 3493 1691 3531 ont-

104 3592 188 3633 nes
208 3579 377 3635 iudici
400 3578 455 3634 in
475 3592 663 3633 necem
682 3574 897 3630 Domini
929 3572 1102 3628 nostri
1127 3572 1256 3628 .lcsu
1272 3568 1473 3626 Christi
1500 3568 1692 3624 unani-

106 3674 680 3735 mitcrconscnserunt,
702 3668 1023 3723 imminente
1065 3664 1299 3721 vindicta
1334 3678 1469 3734 pene
1500 3674 1692 3716 omnes

107 3780 132 3818 a
158 3768 273 3822 totis
298 3767 616 3839 regionibus
644 3764 712 3819 ad
736 3766 1062 3834 Azymorum
1086 3760 1229 3816 diem
1251 3758 1447 3814 festum
1462 3771 1690 3827 congre-

110 3862 202 3929 gati
235 3862 381 3917 bello
420 3860 604 3916 subito
630 3856 941 3913 circumfusi
965 3862 1093 3909 sunt
1118 3869 1133 3908 :
1162 3861 1218 3907 ut
1254 3851 1432 3922 primo
1471 3848 1687 3919 quidem

108 3952 202 4009 illis
253 3954 513 4027 pestifera
565 3954 683 4009 lues
734 3967 802 4006 ex
846 3950 952 4004 loci
1015 3946 1266 4019 angustia
1342 3953 1685 4011 nasceretur,

106 4043 285 4104 deinde
315 4050 479 4105 citius
509 4045 699 4101 fames.
727 4043 881 4111 Quod
912 4050 1092 4097 autem
1117 4046 1339 4109 caperet
1384 4035 1688 4091 multitudi-

109 4156 215 4199 nem
246 4144 529 4202 hominum
571 4148 775 4197 tantam
805 4138 1029 4203 civitas,
1091 4144 1296 4191 certnnt
1332 4139 1452 4189 erat
1479 4148 1544 4187 ex
1594 4130 1680 4187 his

108 4238 186 4306 qui
212 4239 307 4296 sub
333 4240 516 4296 Cestio
548 4235 784 4291 fuerant.
818 4230 1169 4288 Enumeralis
1210 4230 1357 4285 enim
1392 4238 1520 4283 tunc
1550 4225 1685 4282 viris

108 4329 323 4389 civitatis
344 4349 373 4388 a
399 4332 586 4399 Floro,
608 4329 814 4385 Neroni
841 4326 1153 4398 signiﬁcare
1175 4325 1428 4395 cupiente
1449 4330 1689 4378 contem-

109 4428 239 4480 nenti
278 4427 559 4483 nationem
586 4467 601 4492 ,
644 4439 674 4479 a
708 4422 1054 4493 pontiﬁcibus
1084 4418 1351 4491 petierat,
1399 4427 1456 4473 ut
1497 4417 1542 4472 si
1573 4432 1684 4486 quo

111 4518 254 4573 modo
285 4529 509 4593 possent
530 4516 930 4574 multitudinem
964 4521 1335 4570 numerarent.
1371 4510 1451 4566 llli
1502 4518 1685 4565 autent

1794 3287 2170 3343 damnaretur.
2200 3287 2458 3356 Quamvis
2485 3288 2628 3342 enim
2670 3287 2810 3343 idem
2854 3287 3059 3342 Pilatus
3089 3301 3283 3343 manus
3311 3286 3391 3343 la-

1793 3380 1966 3448 verit,
2012 3381 2200 3436 dicens
2231 3397 2245 3434 :
2275 3379 2509 3435 Mundus
2534 3396 2631 3451 ego
2656 3397 2771 3435 sum
2797 3397 2829 3435 α
2849 3381 3102 3452 sanguine
3126 3381 3263 3453 justi
3293 3382 3393 3436 hu-

1784 3478 1909 3550 jus,
1972 3492 2060 3531 vos
2098 3475 2326 3530 videritis
2377 3474 2598 3546 (Matth.
2634 3491 2811 3541 xxvtt,
2865 3473 2966 3547 24)
3001 3493 3014 3529 :
3046 3491 3391 3548 nequaquam

1796 3582 1975 3626 tamen
2020 3571 2201 3626 minus
2228 3569 2413 3626 existit
2456 3584 2622 3638 reus,
2680 3571 2772 3642 qui
2813 3570 3042 3642 gloriam
3094 3570 3392 3627 Dominica:

1791 3678 2093 3735 agnoscens
2115 3664 2554 3731 resurrectionis,
2574 3664 2872 3735 praedicare
2910 3665 3110 3719 invitus
3155 3665 3387 3731 studuit,

1792 3759 1886 3815 sed
1909 3758 2134 3814 credere
2156 3756 2397 3829 perﬁdus
2423 3758 2783 3827 contempsit,
2825 3757 2965 3813 sicut
2987 3766 3218 3814 testatur
3234 3757 3385 3829 ejus-

1790 3852 1913 3908 dem
1945 3850 2176 3923 epistola
2203 3892 2218 3917 ,
2249 3850 2453 3907 Caesari
2495 3851 2547 3904 in
2595 3849 2740 3904 hunc
2776 3850 2995 3905 modum
3044 3850 3275 3908 directa.

2418 3940 2649 3999 CAPUT
2688 3940 2759 3995 X.

1864 4039 2087 4095 Pontius
2115 4038 2319 4094 Pilatus
2345 4035 2566 4093 Claudio
2605 4035 2851 4092 salutem.
2885 4035 3072 4106 Nuper
3100 4037 3312 4103 accidit,
3342 4049 3390 4094 et

1790 4134 1926 4205 quod
1966 4134 2075 4205 ipse
2107 4131 2314 4203 probavi
2336 4172 2353 4199 ,
2406 4130 2621 4187 Judwos
2660 4147 2752 4201 per
2781 4131 3032 4185 invidiam
3061 4148 3117 4187 se
3167 4147 3389 4203 suosque

1790 4236 2022 4300 posteros
2048 4225 2249 4279 crudeli
2286 4224 2715 4279 condemnatione
2752 4224 2982 4295 punisse.
3014 4221 3250 4294 Denique
3269 4241 3388 4281 cum

1792 4321 2105 4391 promissum
2129 4319 2371 4373 haberent
2397 4327 2568 4388 patres
2590 4333 2770 4373 eorum
2787 4360 2802 4385 ,
2830 4317 2969 4389 quod
2994 4317 3104 4373 illis
3140 4318 3279 4373 Deus
3305 4336 3391 4373 eo-

1790 4427 1903 4467 rum
1944 4413 2168 4466 mitteret
2197 4412 2261 4465 de
2284 4411 2410 4465 caelo
2442 4409 2694 4463 Sanctum
2728 4426 2879 4464 suum
2926 4410 3013 4479 qui
3053 4426 3231 4465 eorum
3277 4410 3393 4466 Rea:

1790 4508 1973 4561 merito
2003 4507 2277 4571 diceretur,
2330 4513 2377 4559 et
2417 4503 2556 4558 hunc
2580 4520 2635 4558 se
2670 4503 2965 4576 promiserit
2991 4520 3083 4575 per
3120 4503 3393 4577 Virginem

108 4624 216 4667 cum
247 4614 363 4672 dies
388 4615 562 4672 festus
591 4613 813 4669 adesset
840 4610 930 4681 qui
958 4607 1164 4665 Pascha
1193 4614 1443 4671 vocatur,
1467 4602 1687 4675 quando
1713 4599 1767 4659 D
1792 4602 2071 4655 missurum
2100 4599 2168 4652 ad
2192 4607 2356 4654 terras
2384 4613 2404 4651 :
2432 4598 2590 4651 istum
2633 4596 2806 4664 itaque
2832 4612 2914 4651 me
2952 4595 3175 4668 praeside
3202 4596 3259 4650 in
3288 4595 3391 4651 Ju-

111 4718 134 4758 a
161 4723 289 4765 nona
340 4710 563 4783 quidem
596 4709 731 4765 hora
762 4722 936 4778 usque
988 4704 1056 4760 ad
1108 4702 1449 4759 undecimam
1481 4700 1689 4756 hostias

111 4802 307 4860 Ca‘dunt
329 4849 343 4874 ,
374 4821 477 4877 per
503 4803 718 4874 singula
749 4810 928 4856 autem
955 4798 1110 4871 quasi
1141 4793 1498 4853 contubernia
1518 4834 1535 4860 ,
1580 4809 1687 4849 non

111 4897 406 4960 pauciorum
428 4914 591 4971 quam
617 4897 804 4952 decem
834 4894 1115 4949 hominum
1142 4890 1305 4955 ﬁunt,
1339 4888 1516 4944 solum
1540 4888 1688 4943 enim

111 4991 303 5056 epulari
332 5010 438 5051 non
470 4994 621 5059 licet,
671 4990 829 5046 multi
868 4988 1013 5045 enim
1045 4995 1072 5023 α
1105 4984 1267 5041 vicini
1309 4982 1685 5068 conveniunt“:

112 5077 392 5142 hostiarum
422 5086 641 5159 quidem
665 5084 924 5147 ducenta,
948 5093 1001 5137 et
1028 5078 1416 5151 quinquaginta
1442 5091 1537 5131 sex
1566 5074 1689 5130 mil-

111 5170 171 5228 lia
217 5190 269 5234 et
312 5182 636 5252 quingentas
678 5182 1126 5233 numeraverunt.
1156 5171 1317 5226 Fiunt
1359 5177 1576 5235 autem,
1628 5176 1688 5223 ut

112 5264 263 5324 denos
312 5274 626 5345 epulatores
678 5285 775 5341 per
828 5267 1069 5339 singulas
1110 5265 1477 5336 imptttcmus,
1519 5259 1689 5316 vicies

111 5370 320 5420 centena
342 5408 357 5434 ,
387 5365 413 5405 ι)
436 5376 531 5421 aut
557 5364 898 5435 septingenta
940 5360 1105 5415 millia
1131 5401 1146 5426 ,
1176 5357 1348 5413 sancti
1395 5369 1585 5410 omnes
1634 5361 1689 5408 et

113 5455 237 5520 Puri.
270 5458 377 5517 Nec
400 5459 545 5517 enim
575 5457 807 5529 leprosis
830 5464 923 5510 aut
948 5450 1299 5524 vitiligiuosis
1321 5492 1336 5517 ,
1367 5458 1460 5505 aut
1479 5448 1687 5505 semine

176 5626 198 5691 ξι
223 5619 298 5677 Ex
330 5620 571 5691 Josepho
600 5617 785 5691 viceni.
816 5615 986 5691 Bima.

174 5688 199 5727 ι’
229 5676 639 5750 ιοοὶιξιιὶυιουε,
662 5689 894 5746 videtur.
937 5683 1251 5757 Legendum
1290 5679 1454 5746 forte,
1510 5676 1597 5735 vel
1642 5685 1691 5733 et

113 5771 230 5832 sept.
266 5768 348 5823 vel
376 5771 621 5821 sescenta
649 5770 740 5817 aut
768 5770 900 5831 sept.
928 5756 1207 5815 Garunna.

1792 4692 1959 4747 duram
2010 4688 2151 4745 Deus
2190 4687 2533 4743 Hebraeorum
2574 4704 2693 4741 cum
2737 4687 2991 4753 misisset,
3040 4693 3089 4741 et
3144 4686 3393 4742 vidissent

1790 4801 1907 4839 eum
1936 4800 2095 4839 cwcos
2116 4780 2477 4848 illuminasse,
2521 4779 2751 4849 leprosos
2777 4778 3076 4846 mandasse,
3130 4779 3392 4851 paralyti-

1791 4894 1879 4933 cos
1906 4892 2146 4942 curasse,
2174 4875 2434 4929 dtemones
2458 4873 2523 4927 ab
2544 4871 2845 4928 Itontinibus
2880 4874 3123 4942 fugasse,
3158 4882 3394 4928 mortuos

1788 4974 1946 5028 etiam
1974 4971 2281 5034 suscitasse,
2327 4968 2606 5038 imperasse
2640 4967 2837 5032 ventis,
2889 4964 3187 5020 ambulasse
3239 4967 3393 5022 siccis

1794 5068 2008 5140 pedibus
2033 5082 2190 5137 super
2218 5063 2383 5118 undas
2403 5062 2591 5127 maris,
2616 5070 2666 5116 et
2695 5061 2860 5115 multa
2898 5062 3004 5115 alia
3033 5061 3241 5133 fecisse,
3273 5079 3393 5117 cum

1795 5162 1961 5217 omnis
1984 5161 2206 5233 populus
2225 5158 2258 5212 .1
2267 5158 2535 5213 udteorum
2566 5172 2681 5211 eum
2713 5154 2912 5210 Filium
2928 5153 3030 5210 Dei
3044 5172 3156 5211 esse
3178 5156 3393 5226 diceret,

1793 5255 2037 5311 invidiam
2066 5261 2247 5307 contra
2275 5267 2390 5306 eum
2417 5249 2555 5318 passi
2583 5258 2702 5303 sunt
2744 5249 3007 5321 principes
3053 5248 3393 5321 Judazorum,

1794 5359 1840 5405 et
1872 5358 2142 5404 tenuerunt
2162 5362 2301 5414 eum,
2332 5345 2557 5415 nti/tique
2583 5344 2932 5411 tradiderunt,
2962 5353 3010 5399 et
3036 5344 3142 5399 alia
3168 5361 3264 5416 pro
3278 5345 3399 5401 aliis

1796 5444 1924 5499 mihi
1952 5442 2016 5497 de
2044 5458 2103 5497 eo
2138 5440 2439 5496 mentientes
2470 5438 2749 5510 dixerunt,
2781 5450 3064 5495 asserentes
3088 5439 3243 5494 istum
3287 5457 3393 5496 nta-

1875 5614 1897 5643 ο
1930 5600 2261 5676 Gualtberus
2298 5613 2366 5656 ex
2414 5598 2658 5672 Josepho
2709 5598 3002 5673 legendum
3048 5605 3203 5670 putat
3236 5619 3403 5676 gone-

1798 5676 1952 5732 ricos.
1978 5673 2149 5729 Buta.
