3948 6340
546 266 683 327 ‘22”

1871 252 2118 320 SANC'H
2160 246 2485 318 AMBROSII

3720 254 3852 315 22:2

542 403 663 459 gum
691 400 835 453 esse,
871 394 919 440 et
960 393 1140 439 contra
1169 384 1331 455 legem
1361 398 1542 438 eorum
1591 399 1765 455 agere.
1822 381 1938 453 Ego
1968 392 2143 439 autem
2171 386 2218 447 Α
2248 377 2373 432 talis
2393 374 2616 447 quidem
2642 374 2765 430 finis
2809 374 3321 448 Hierosolymorum
3378 375 3690 434 obsidionis
3738 379 3847 438 fuit.

542 479 742 534 credidi
764 479 840 533 ita
865 495 995 544 esse,
1020 486 1071 532 et
1084 477 1616 548 ﬂagellatumtradidi
1642 478 1791 531 illum
1819 477 2033 531 arbitrio
2062 493 2146 531 eo-

541 588 678 625 rum.
713 568 809 625 lui
833 580 1001 625 autem
1028 570 1401 640 cruciﬁurunt
1428 586 1567 633 eum,
1599 579 1646 625 et
1669 569 1872 639 sepulto
1912 568 2148 623 custodes

546 662 916 719 adhibuerunt.
950 662 1055 718 Ille
1084 675 1259 720 autem
1288 664 1536 719 militibus
1558 666 1688 718 meis
1710 663 2145 729 custodientibus,

549 757 634 809 die
660 758 808 811 tertio
839 759 1126 812 resurrexit
1157 774 1175 812 :
1201 759 1257 812 in
1276 768 1479 813 tantum
1504 767 1675 812 autem
1703 759 1895 813 exarsit
1923 757 2151 827 nequitia

546 850 874 914 Judteorum,
900 860 955 906 ut
978 851 1163 906 darent
1187 853 1459 924 pecuniam
1486 849 1806 914 custodibus,
1833 861 1878 905 et
1899 851 2151 905 dicerent:

550 942 725 1003 Dicite
765 943 891 1013 quia
937 943 1187 1014 discipuli
1237 945 1353 1014 ejus
1396 959 1598 1014 corpus
1628 944 1802 1013 ipsius
1851 950 2154 1013 rapuerunt

544 1036 772 1109 (Matth.
804 1052 972 1092 xxvm
993 1079 1008 1103 ,
1036 1037 1160 1110 15).
1196 1036 1305 1093 Sed
1332 1054 1447 1092 cum
1492 1038 1811 1109 accepissent
1844 1038 2150 1107 pecuniam,

544 1129 681 1199 quod
705 1134 900 1201 factum
932 1134 1128 1201 fuerat,
1171 1142 1337 1187 tacere
1361 1148 1465 1186 non
1495 1138 1792 1202 potuerunt.
1829 1129 1973 1185 Nam
2001 1140 2045 1185 et
2090 1130 2154 1185 il-

543 1223 654 1279 lum
685 1225 976 1280 surrexisse
1005 1227 1177 1280 testati
1204 1234 1325 1280 sunt
1355 1242 1411 1281 se
1438 1226 1629 1281 vidisse
1649 1269 1663 1295 ,
1727 1234 1776 1281 et
1806 1242 1860 1281 se
1888 1242 1921 1280 a
1949 1224 2156 1280 luditis

549 1318 823 1387 pecuniam
853 1319 1137 1390 accepisse.

1175 1409 1405 1469 CAPUT
1448 1410 1546 1468 XI.

623 1504 751 1560 Haec
789 1504 914 1561 ideo
943 1504 1206 1575 ingressi,
1266 1520 1334 1559 ne
1364 1506 1485 1576 quis
1514 1505 1674 1560 aliter
1722 1505 2045 1570 mentiatur,
2095 1512 2155 1559 et

552 1598 785 1653 aestimet
824 1596 1161 1653 credendum
1206 1596 1505 1653 mendaciis
1534 1597 1872 1653 Judteorutn.
1924 1599 1998 1652 De
2051 1611 2159 1667 quo

552 1690 654 1759 ipsi
696 1691 887 1760 perﬁdi
923 1699 1214 1758 testantur,
1263 1690 1480 1747 dicente
1518 1690 1760 1763 .Iosepbo
1807 1691 2158 1746 historiarum

555 1782 862 1853 scriptore,
893 1783 1037 1853 quod
1064 1782 1226 1838 fuerit
1281 1784 1373 1838 illa.»
1404 1792 1655 1853 tempore
1705 1784 1787 1839 vir
1832 1783 2050 1854 sapiens
2084 1783 2163 1855 (si
2192 1788 2243 1848 Β
2341 1780 2487 1838 Inter
2508 1782 2693 1837 omnia
2720 1790 2902 1838 tamen
2927 1798 3090 1854 opera
3117 1785 3376 1855 templum
3404 1782 3859 1855 prrecellcbatam-

2267 1875 2521 1946 piissimo
2573 1889 2743 1945 Opere
2771 1885 2826 1931 et
2868 1875 3097 1947 fulgenti
3143 1892 3452 1943 marmore,
3511 1878 3857 1947 peripetasma
3908 1888 3909 1955 ξ

553 1884 735 1931 tamen
765 1884 1017 1947 oportet,
1047 1876 1246 1947 inquit,
1270 1878 1445 1930 virum
1470 1876 1625 1947 diei),
1658 1875 1985 1930 mirabilium
2011 1891 2165 1931 crea—

559 1978 734 2024 torem
787 1985 1051 2041 operum,
1104 1971 1193 2041 qui
1228 1972 1483 2041 apparuit
1510 1969 1795 2040 discipulis
1844 1970 1990 2037 suis,
2048 1977 2169 2039 post

562 2060 802 2116 triduum
833 2065 1025 2118 mortis
1060 2078 1173 2118 sua:
1205 2064 1398 2118 vivens
1419 2063 1717 2119 secundum
1774 2064 2165 2135 prophetarum

565 2156 804 2225 scripta:
838 2157 928 2223 qui
954 2164 1010 2211 et
1034 2157 1149 2211 bzcc
1169 2164 1224 2210 et
1249 2156 1352 2211 alia
1386 2156 1802 2211 innumerabilia
1834 2157 1904 2212 de
1918 2172 1985 2211 eo
2012 2156 2168 2227 plena

559 2247 838 2304 miraculis
867 2248 1341 2320 prophetaverunt
1374 2268 1388 2305 :
1421 2264 1487 2305 ex
1532 2264 1642 2320 quo
1669 2250 1836 2320 coepit
1867 2264 2168 2320 congrega-

559 2345 637 2398 tio
663 2343 1101 2399 Cbristianorum
1127 2385 1142 2411 ,
1173 2352 1230 2398 et
1261 2344 1313 2398 in
1341 2358 1507 2399 omne
1532 2342 1812 2397 hominum
1865 2341 2171 2413 penetravit

560 2453 736 2510 genus
762 2456 775 2492 :
809 2453 911 2494 nec
937 2437 1046 2492 ulla
1101 2442 1248 2493 natio
1278 2437 1506 2492 Romani
1536 2436 1686 2492 orbis
1711 2436 2002 2499 remansit,
2049 2449 2173 2505 qua:

562 2536 745 2590 cultus
770 2535 891 2606 ejus
917 2548 1116 2606 expers
1145 2534 1578 2604 relinqueretur.
1608 2532 1669 2589 Si
1713 2532 1868 2587 nobis
1903 2545 2009 2587 non
2048 2544 2169 2585 cre-

563 2628 700 2683 dunt
735 2626 913 2683 Judaei
942 2668 956 2692 ,
991 2628 1076 2682 vel
1114 2626 1228 2681 suis
1258 2625 1486 2681 credant
1518 2642 1529 2680 :
1563 2625 1665 2679 hoc
1692 2622 1825 2679 dixit
1869 2622 2172 2691 Josepbus,

566 2735 731 2791 quem
764 2719 869 2789 ipsi
892 2727 947 2774 et
971 2720 1273 2775 maximum
1305 2725 1516 2788 putant.
1549 2717 1615 2771 Et
1648 2728 1825 2772 tamen
1851 2716 1905 2770 in
1938 2731 2004 2771 eo
2029 2714 2172 2786 quod

568 2826 760 2867 verum
792 2810 1005 2865 locutus
1025 2820 1111 2865 est
1142 2819 1365 2881 propter
1396 2808 1641 2865 historiae
1673 2806 1834 2863 fidem
1856 2850 1870 2874 ,
1902 2808 2027 2878 quia
2067 2806 2166 2861 fal-

572 2905 688 2960 lere
714 2902 870 2961 nefas
897 2905 1156 2976 putabat,
1190 2912 1246 2959 et
1276 2917 1384 2959 non
1412 2902 1641 2958 credidit
1666 2911 1888 2973 pmpter
1919 2900 2172 2955 duritiam

572 2999 758 3055 cordis
785 3008 841 3053 et
880 2998 1123 3069 perfidia:
1154 2998 1511 3053 intentionem
1546 3016 1557 3050 :
1592 3013 1700 3051 non
1734 3011 1911 3052 tamen
1960 2995 2176 3051 veritati

573 3091 927 3164 prmjudicat.
952 3090 1079 3161 quia
1107 3104 1215 3145 non
1246 3088 1512 3155 credidit,
1552 3088 1647 3145 sed
1679 3089 1801 3159 plus
1829 3087 2038 3143 addidit
2070 3095 2179 3142 tes-

565 3187 798 3243 timonio
826 3229 840 3251 ,
871 3187 994 3256 quia
1036 3199 1138 3239 nec
1167 3183 1518 3248 incredulus,
1569 3194 1625 3238 et
1673 3183 1872 3238 invitus
1929 3182 2167 3252 negavit.
2200 3172 2246 3238 C
2280 3183 2331 3238 in
2364 3183 2482 3253 ejus
2507 3183 2675 3254 ﬁgura
2695 3187 2784 3255 qui
2816 3194 3077 3242 venturus
3110 3197 3226 3243 erat
3246 3191 3500 3259 princeps
3540 3188 3849 3245 sacerdotum

2280 3278 2469 3346 Jesus,
2503 3291 2558 3334 ut
2590 3281 2805 3337 tolleret
2830 3293 3113 3354 peccatum
3135 3284 3344 3340 mundi.
3376 3283 3605 3341 Femora
3627 3286 3849 3357 princeps
3908 3306 3909 3311 π

576 3279 633 3334 ln
663 3294 772 3350 quo
815 3275 1019 3333 Christi
1070 3275 1199 3333 Jesu
1252 3274 1447 3331 claruit
1474 3284 1675 3329 aeterna
1727 3274 1998 3345 potentia,
2031 3273 2177 3345 quod

574 3389 702 3430 eum
743 3373 909 3429 etiam
963 3373 1242 3444 print-ipes
1292 3386 1579 3443 synagoga:
1627 3385 1791 3441 quem
1823 3369 1889 3423 ad
1946 3377 2177 3424 niottem

567 3465 1143 3535 comprehenderant,
1178 3464 1346 3519 Deum
1391 3464 1719 3518 fatebantur.
1755 3462 1825 3518 Et
1854 3478 1982 3519 vere
2026 3464 2181 3533 quasi

572 3559 717 3612 Deus
765 3555 884 3612 sine
915 3555 1239 3625 exceptione
1291 3569 1645 3623 personarum
1681 3563 1773 3608 aut
1824 3554 1931 3608 ulla
1990 3554 2182 3609 mortis

578 3649 874 3705 formidine
901 3649 1148 3713 locutus,
1179 3646 1449 3703 excidium
1484 3661 1699 3717 quoque
1726 3646 1913 3717 templi
1943 3645 2181 3701 futurutn

572 3744 920 3800 annuntiavit
946 3784 961 3809 ,
993 3742 1090 3798 sed
1142 3758 1249 3797 non
1279 3758 1374 3797 eos
1405 3740 1593 3809 templi
1638 3738 1833 3811 injuria
1861 3742 2178 3794 commovit.

572 3837 679 3893 Sed
711 3838 837 3908 quia
867 3837 936 3890 ab
964 3850 1030 3890 eo
1060 3835 1113 3889 in
1136 3833 1351 3905 ﬂagitiis
1371 3874 1384 3899 ,
1409 3841 1460 3887 et
1484 3831 1784 3902 sacrilegiis
1814 3831 2187 3902 corripieban-

571 3943 696 3997 tur,
752 3932 876 3987 hinc
920 3931 996 3984 ira
1024 3929 1259 3995 exarsit,
1298 3936 1356 3982 ut
1404 3925 1773 3981 interficerent
1800 3940 1962 3991 eum,
2021 3939 2183 3993 quem

574 4028 721 4082 nulla
762 4023 1083 4081 habuissent
1124 4030 1392 4091 tempora.
1452 4018 1587 4074 Nam
1640 4034 1763 4074 cum
1806 4018 1898 4072 alii
1931 4026 1958 4055 α
1987 4017 2186 4088 pradi-

575 4120 754 4175 caudo
788 4117 1091 4173 meruerint
1149 4116 1328 4170 facere
1354 4155 1370 4180 ,
1415 4128 1536 4183 quae
1570 4111 1854 4167 fecerunt:
1890 4112 1976 4166 hic
2005 4111 2059 4165 in
2089 4125 2188 4180 po-

574 4222 771 4268 testate
798 4207 1128 4273 habebat,ut
1153 4208 1333 4263 omnia
1355 4222 1475 4275 quas
1505 4205 1622 4261 ﬁeri
1642 4204 2187 4274 vellet,impetraret.

1185 4299 1420 4356 CAPUT
1461 4296 1579 4353 XII.

650 4400 856 4457 Octavo
883 4398 1046 4470 igitur
1071 4396 1159 4453 die
1190 4394 1534 4468 Septembris
1587 4392 1794 4450 mensis
1839 4402 2190 4449 concremata

578 4504 662 4551 est
692 4494 889 4549 civitas
920 4509 934 4546 :
967 4506 1108 4548 cassa
1160 4505 1258 4561 per
1284 4503 1449 4545 omne
1477 4499 1695 4559 tempus
1743 4502 1973 4543 numero
2012 4487 2195 4542 decies

2255 469 2514 525 Eamdem
2542 485 2675 525 vero
2724 470 2918 526 urbem
2953 470 3391 543 Hierosolymam
3419 469 3851 528 Chananaaorum

2250 563 2476 633 quidam
2513 576 2706 634 potens
2732 564 3013 628 condidit,
3064 565 3155 635 qui
3186 566 3367 634 patrio
3394 581 3653 621 sermone
3706 582 3855 622 voea-

2254 669 2407 712 retur
2435 656 2551 711 Rex
2573 657 2783 724 Justus,
2803 672 2963 728 quam
2991 658 3165 727 primo
3193 658 3474 731 Solymam
3505 670 3851 729 nuncupavit,

2261 760 2449 820 postea
2486 751 2748 819 templum
2778 749 2807 788 δ
2855 750 3066 805 addidit
3096 768 3107 804 ε
3132 749 3280 805 unde
3311 750 3691 824 Hierosolyma
3721 750 3854 807 dicta

2257 842 2450 896 civitas
2480 851 2585 897 est.
2614 841 2661 897 Α
2691 841 2959 915 principio
2988 857 3120 897 suos
3148 843 3357 898 incolas
3391 844 3581 900 habuit
3601 843 3671 900 de
3700 856 3853 916 gente

2256 935 2711 991 Chananmorttm.
2741 937 2909 991 David
2956 939 3162 1008 primus
3200 940 3285 993 vir
3332 938 3597 995 Hebrzeus
3645 936 3855 995 Chana-

2261 1043 2409 1082 naros
2447 1028 2687 1098 expulit,
2716 1029 2997 1084 constituit
3016 1045 3168 1097 suos,
3200 1030 3291 1101 qui
3320 1031 3371 1086 in
3403 1046 3467 1087 ea
3494 1032 3597 1086 sibi
3637 1034 3851 1087 domum

2262 1122 2466 1193 regiam
2514 1121 2661 1178 fecit.
2692 1122 2877 1178 Voluit
2923 1134 2979 1180 et
3010 1124 3268 1195 templum
3297 1125 3412 1181 Deo
3441 1128 3679 1184 condere
3705 1168 3721 1192 ,
3768 1129 3855 1183 sed
3908 1124 3909 1195 ἶ

2264 1219 2569 1290 prohibitus
2590 1220 2814 1276 oraculo
2837 1262 2851 1287 ,
2894 1220 3246 1278 Salomonem
3280 1221 3558 1278 hmredem
3609 1222 3853 1294 reliquit;

2260 1316 2351 1386 qui
2387 1315 2646 1385 templum
2691 1316 2836 1385 quod
2882 1315 2998 1386 ipSe
3025 1325 3286 1383 voverat,
3341 1317 3654 1373 aedificaret.
3707 1316 3857 1372 Salo-
3908 1392 3909 1397 η

2263 1422 2389 1462 mon
2417 1407 2597 1478 itaque
2621 1408 2881 1478 templum
2920 1407 3184 1463 fundavit.
3220 1408 3439 1480 Reliqui
3469 1424 3679 1479 quoque
3710 1425 3855 1479 rcges
3908 1414 3909 1421 ‘

2261 1501 2328 1556 ad
2386 1511 2637 1556 ornatum
2710 1502 2862 1558 urbis
2910 1501 3169 1558 addidere
3225 1502 3492 1574 plurima;
3546 1502 3745 1558 invidia
3799 1518 3855 1557 ex

2265 1594 2666 1665 magnificentia
2689 1603 2805 1650 orta
2839 1600 2942 1650 est.

2859 1685 3089 1742 CAPUT
3129 1686 3271 1743 Xlll.

2270 1969 2565 2037 pretiosum
2594 1975 2653 2025 et
2678 1969 2996 2037 maximum,
3021 1984 3188 2025 cocco
3207 1978 3263 2024 ct
3280 1969 3578 2041 hyacintho
3602 1970 3856 2041 byssoque

2270 2062 2562 2130 intextum,
2586 2077 2656 2118 ex
2686 2078 2921 2134 purpura
2944 2078 3053 2118 non
3076 2063 3251 2119 otiosa
3286 2065 3514 2119 materia
3569 2075 3727 2119 tantae
3772 2061 3848 2116 di-

2272 2157 2543 2211 versitatis
2564 2199 2576 2221 ,
2608 2157 2700 2212 sed
2729 2157 2884 2228 cujus
2922 2159 3132 2229 species
3178 2174 3361 2214 rerum
3393 2159 3669 2215 latentium
3717 2173 3852 2230 mys-
3908 2138 3909 2209 Ϊ

2278 2248 2470 2303 terium
2498 2248 2738 2319 signaret
2769 2266 2782 2302 :
2808 2265 2874 2304 eo
2903 2249 3050 2321 quod
3102 2250 3220 2319 ejus
3266 2260 3415 2306 esset
3437 2253 3725 2322 templum,
3768 2250 3847 2320 qui

2272 2343 2412 2396 coelo
2434 2350 2490 2397 et
2517 2344 2627 2396 aeri
2651 2384 2665 2406 ,
2704 2352 2867 2398 terra:
2897 2355 2949 2399 et
2974 2345 3131 2412 mari,
3160 2345 3313 2415 quasi
3346 2357 3563 2401 creator
3581 2348 3851 2401 elemento-
3908 2348 3909 2415 ἦ

2274 2449 2392 2488 rom
2423 2435 2797 2490 dominaretur
2819 2477 2832 2500 ,
2866 2448 3029 2507 atque
3050 2440 3229 2492 omnia
3260 2439 3410 2493 solos
3443 2448 3653 2509 regeret
3693 2449 3743 2493 et
3763 2454 3845 2508 gu-
3908 2435 3909 2475 ἲ

2275 2530 2548 2585 bernaret.
2575 2529 2749 2586 Cocco
2783 2531 2927 2585 enim
2957 2533 3169 2601 igneum
3191 2533 3389 2588 ctelum
3425 2532 3694 2603 ﬁguratur,
3724 2530 3838 2603 bya—

2275 2623 2463 2676 cintho
2478 2636 2593 2687 aer,
2616 2623 2778 2692 bysso
2803 2632 2965 2687 terra,
2985 2639 3134 2679 mare
3156 2640 3417 2695 purpura,
3433 2640 3557 2696 qua:
3575 2621 3848 2694 conchyliis

2280 2715 2567 2771 maritimis
2600 2716 2838 2773 inficitur
2869 2734 2882 2770 :
2912 2726 2970 2772 ut
2989 2719 3097 2773 duo
3121 2734 3190 2774 ex
3230 2720 3449 2783 colore,
3485 2721 3593 2775 duo
3613 2736 3678 2775 ex
3703 2734 3846 2792 gene-

2278 2811 2492 2866 ratione
2519 2812 2765 2883 colligas.
2803 2813 3046 2884 Deuique
3079 2814 3331 2886 princeps
3362 2817 3702 2872 sacerdotum
3744 2818 3842 2872 haec
3908 2870 3909 2885 ,

2276 2912 2511 2973 quatuor
2528 2902 2846 2958 indumento
2862 2907 3278 2976 sooexprimere
3296 2916 3672 2977 consueverat,
3699 2924 3847 2978 quau-

2281 2995 2603 3050 domaxima
2624 2996 2915 3052 celebritas
2939 3005 3059 3053 erat
3078 2996 3335 3055 festorum
3366 2999 3848 3073 dierum;qua.~ito—

2289 3097 2402 3143 tum
2436 3090 2694 3144 mundum
2725 3091 3008 3160 indueret,
3051 3107 3151 3163 pro
3184 3094 3382 3163 populo
3427 3094 3841 3166 supplicaturus.

2282 3373 2627 3429 sacerdotum
2682 3376 2827 3431 lineo
2867 3377 3099 3432 interius
3129 3379 3474 3449 operimento
3524 3378 3755 3449 tegebat,
3797 3390 3850 3430 eo

2283 3465 2426 3538 quod
2470 3482 2581 3537 prae
2601 3469 2817 3523 cmteris
2842 3469 2897 3524 in
2927 3469 3210 3526 sacerdote
3244 3470 3377 3526 tides
3400 3471 3601 3526 mentis
3629 3469 3853 3542 quaeritur

2284 3568 2339 3614 et
2360 3559 2606 3630 corporis
2628 3563 2982 3628 castimonia,
3015 3580 3135 3633 quae
3177 3564 3502 3635 succingere
3528 3564 3719 3622 debeat
3757 3576 3849 3617 οπο
3908 3570 3909 3605 t

2289 3655 2375 3707 nis
2407 3654 2910 3722 intemperantiam.
2956 3656 3073 3711 Duo
3122 3667 3273 3713 erant
3304 3657 3653 3713 tabernacula
3694 3670 3846 3717 sacra,
3908 3660 3909 3717 ξ

2288 3762 2451 3802 unum
2473 3749 2725 3817 interius,
2752 3749 2894 3805 aliud
2919 3751 3160 3806 exterius
3191 3769 3205 3804 :
3238 3754 3288 3807 in
3322 3751 3425 3807 hoc
3454 3768 3672 3824 semper
3692 3751 3851 3807 introi-
3908 3762 3909 3787 ξ

2289 3840 2418 3895 bant
2449 3841 2759 3897 sacerdotes
2788 3861 2803 3897 :
2833 3844 2885 3897 in
2917 3844 3048 3900 illud
3078 3845 3302 3901 interius
3332 3846 3478 3916 quod
3523 3858 3758 3902 sanctum
3775 3857 3851 3912 ap-

2291 3932 2615 4002 pellabatur,
2640 3934 3082 3991 semelintroibat
3102 3936 3356 4008 princeps
3386 3939 3745 4003 sacerdotum,
3766 3952 3847 3991 non
3908 3926 3909 3929 “

2289 4025 2409 4080 sine
2432 4027 2695 4096 sanguine
2709 4042 2869 4098 quem
2884 4027 3105 4084 oﬂ'erret
3126 4046 3224 4101 pro
3250 4046 3311 4085 se
3336 4040 3390 4086 et
3408 4046 3512 4102 pro
3536 4034 3708 4104 populi
3728 4033 3851 4101 iguoo

2291 4120 2463 4173 rantia
2485 4133 2647 4190 atque
2676 4120 2897 4177 delicto.
2929 4122 3041 4178 Hoc
3076 4122 3420 4195 significante
3464 4125 3668 4196 Spiritu
3694 4132 3847 4178 sancto
3908 4196 3909 4203 γ

2297 4223 2584 4267 venturum
2608 4213 2823 4281 Jesum,
2851 4216 2941 4286 qui
2966 4232 3091 4272 vere
3122 4217 3524 4273 solusintraret
3552 4220 3606 4274 in
3628 4216 3848 4273 interiora

2294 4305 2605 4361 dixinorum
2659 4309 2958 4378 penetralia
2996 4319 3505 4378 sacramentorum,
3578 4325 3631 4368 et
3689 4321 3845 4364 arcana
3908 4320 3909 4373 Ῑ

2294 4396 2618 4454 substantia:
2640 4400 2883 4456 caelestis
2910 4403 3001 4471 qui
3022 4414 3208 4457 nosset
3242 4406 3425 4459 omnia
3455 4404 3640 4469 solus;
3670 4403 3846 4459 Petram
3908 4386 3909 4389 “

2296 4504 2513 4559 quoque
2542 4494 2807 4561 sanguine
2835 4507 2937 4548 suo
2960 4493 3058 4549 toti
3092 4496 3296 4550 mundo
3317 4497 3727 4559 reconciliaret,
3747 4496 3848 4547 ulel

574 4597 807 4644 centena
837 4585 1030 4650 millia,
1060 4598 1127 4640 cx
1153 4581 1431 4655 myriades
1452 4623 1467 4650 ,
1508 4591 1561 4637 ut
1596 4580 1842 4652 plerique
1886 4589 2140 4636 asserunt
2171 4596 2183 4631 :
2215 4574 2264 4633 D
2291 4583 2595 4638 ctelestium
2612 4594 2667 4639 et
2686 4587 3024 4641 terrestrium
3052 4589 3422 4645 misereretur.
3444 4589 3843 4661 Deniquepostet
3908 4596 3909 4599 ‘

576 4685 892 4741 Judteorum
925 4692 1105 4737 tamen
1154 4681 1398 4735 omnium
1420 4721 1433 4745 ,
1477 4678 1572 4735 sed
1602 4690 1709 4733 non
1740 4678 1981 4733 omnium
2036 4677 2186 4746 ejus-

576 4778 702 4833 dem
737 4773 976 4846 regionis
1014 4782 1108 4828 aut
1133 4772 1238 4828 loci
1262 4815 1276 4839 ,
1305 4771 1429 4843 quia
1458 4787 1527 4827 eo
1557 4771 1795 4841 undique
1818 4775 2189 4826 convenerant

579 4882 827 4942 tempore
851 4867 1121 4939 paschalis
1140 4866 1504 4922 solemnitatis
1530 4865 1757 4936 :captivi
1782 4864 1994 4920 abducti
2020 4880 2189 4920 nona-

576 4965 723 5039 ginta
756 4973 966 5035 septem
994 4960 1185 5018 millia.
1221 4960 1464 5031 Denique
1502 4967 1653 5014 tanta
1705 4958 2043 5029 captiuorum
2076 4973 2187 5028 prae

579 5057 930 5115 multitudine
961 5054 1165 5110 utilitas
1189 5052 1307 5118 fuit,
1339 5063 1399 5106 ut
1424 5053 1641 5124 triginta
1697 5066 1727 5106 a
1781 5052 2041 5106 Romanis
2078 5066 2190 5105 uno

582 5154 909 5210 uumismate
949 5150 1051 5205 sub
1076 5162 1279 5204 corona
1331 5147 1723 5203 venderentur.
1756 5146 1983 5201 Peracta
2030 5145 2196 5217 igitur

580 5246 885 5309 obsidione,
902 5243 1063 5314 jussit
1085 5239 1270 5296 Cmsar
1284 5238 1442 5293 Titus
1475 5238 1718 5293 funditus
1740 5248 1988 5293 evertere
2007 5238 2198 5293 civita-

583 5349 690 5395 tem
719 5352 783 5392 ac
796 5334 1080 5405 templum,
1098 5342 1154 5386 ut
1176 5330 1567 5401 adimpleretur
1580 5331 1804 5386 verbum
1826 5330 2038 5385 Domini
2061 5329 2190 5386 Jesu

583 5430 964 5502 pra-dictantis:
988 5426 1153 5480 Amen
1175 5425 1292 5480 dico
1317 5423 1479 5489 vobis,
1511 5441 1613 5479 non
1638 5423 2024 5493 derelinqnetur
2051 5425 2187 5492 lapis

586 5540 743 5594 super
784 5523 1042 5596 lapidem,
1094 5521 1221 5593 quin
1275 5520 1571 5574 destruatur
1621 5518 1852 5592 (Matth.
1886 5535 2033 5589 xxxv,
2066 5520 2134 5591 2)
2165 5537 2178 5572 :
2208 5579 2212 5583 ,

661 5692 684 5718 η
723 5679 1010 5733 Precando.
1042 5678 1108 5731 Et
1135 5677 1297 5748 paulo
1324 5684 1447 5746 post
1468 5676 1766 5746 imperaret.
1794 5676 1962 5733 Buta.

2293 4692 2452 4745 quam
2482 4679 2670 4747 venit,
2720 4680 3012 4751 paciﬁcavit
3038 4682 3212 4737 omnia
3240 4698 3332 4755 per
3373 4685 3676 4754 sanguinem
3716 4677 3846 4735 cruris

2293 4784 2421 4839 stite,
2445 4785 2560 4841 qua
2581 4770 2637 4825 in
2666 4771 2793 4826 caelo
2821 4772 2905 4827 uel
2932 4774 2984 4827 in
3004 4782 3143 4828 terra
3184 4783 3302 4830 sunt
3334 4773 3570 4846 (Coloss.
3596 4791 3634 4842 ι,
3660 4773 3773 4842 20).

2890 4864 3121 4924 CAPUT
3152 4866 3292 4924 XIV.

2368 4957 3054 5030 lntusthymiamaterium,
3081 4963 3227 5019 intus
3241 4978 3452 5032 mensa,
3483 4964 3844 5020 intuslucerna.

2295 5052 2844 5124 Thymiamaterium,
2878 5056 3024 5127 quod
3063 5058 3136 5112 ita
3167 5057 3233 5112 ad
3266 5057 3435 5112 Deum
3467 5058 3708 5121 Patrem,
3749 5054 3847 5108 sicut

2298 5150 2585 5216 incensum,
2603 5150 2865 5221 dirigatur
2883 5152 3117 5207 maxime
3146 5151 3508 5208 sacerdotalis
3532 5153 3694 5207 oratio
3711 5142 3843 5220 (Psal.
3908 5142 3909 5183 ῖ

2297 5257 2423 5309 οη,
2461 5243 2542 5314 2).
2574 5245 2789 5312 Mensa,
2841 5245 2986 5313 quod
3030 5247 3082 5300 in
3124 5262 3187 5302 ea
3219 5246 3400 5317 passio
3428 5245 3638 5302 Christi
3680 5246 3769 5309 sit,
3806 5246 3844 5293 et

2300 5335 2557 5406 mysteria
2585 5347 3079 5394 sacramentorum.
3113 5338 3267 5395 Unde
3288 5339 3460 5394 David
3491 5339 3650 5394 dicit:
3680 5329 3844 5391 Parati

2296 5428 2350 5482 in
2382 5439 2661 5500 conspectu
2684 5446 2796 5485 meo
2832 5447 3065 5486 mensam
3101 5431 3281 5506 (Psal.
3313 5448 3462 5499 xm,
3497 5431 3578 5503 5),
3602 5433 3743 5503 cujus
3762 5425 3841 5480 νει·

2296 5521 2372 5575 uti
2406 5522 2695 5578 duodecim
2750 5538 2952 5594 panes,
2986 5524 3273 5582 duodecim
3298 5526 3545 5596 Apostoli
3576 5534 3730 5582 testes
3748 5523 3838 5576 sunt

658 5751 684 5789 ι’
716 5752 878 5806 Forte
914 5742 1168 5803 additum.
1200 5742 1338 5816 Quai
1378 5761 1502 5803 mox
1534 5742 1838 5818 Sequuntur
1868 5748 2276 5808 restitutionem
2309 5743 2539 5799 suadere
2567 5742 2844 5801 Videntur.
2865 5744 3148 5803 GALLAND-
