3948 6386
105 409 233 466 3215

749 409 1023 470 HISTOR.
1054 397 1145 469 DE
1190 411 1472 470 EXCIDIO
1512 409 1793 469 HiEliOS.
1838 404 2041 469 URBIS
2081 404 2743 471 ANACEPHALIEOSIS.

3251 418 3394 475 29.15

107 526 359 600 passionis
383 526 499 596 ejus
530 540 593 582 ac
624 527 1060 584 resurrectionis.
1087 528 1334 584 Lucerna
1358 571 1371 594 ,
1414 544 1532 600 qum
1584 530 1686 586 sub
1712 530 1765 591 Α
1793 525 1894 582 bus
1920 542 2115 582 currus
2138 538 2192 582 et
2217 527 2362 583 acies
2384 536 2609 583 armata:
2637 546 2649 581 :
2679 528 2876 598 quibus
2900 529 3066 586 totius
3092 529 3292 587 Judteac
3314 549 3402 589 re-

107 617 471 671 candelabrum
500 617 745 688 ponitur,
776 628 902 674 ante
931 620 1032 675 sub
1064 620 1247 675 modio
1277 628 1418 684 erat,
1469 619 1521 674 id
1573 633 1679 692 est,

110 710 228 780 legis
250 722 502 764 mensura
539 726 552 763 :
586 724 731 766 nunc
751 719 838 765 est
862 711 915 765 in
942 712 1133 780 gratiae
1156 710 1522 781 plenitudine,
1555 711 1688 783 hep-

110 804 343 875 tamycho
371 806 627 872 frequens
657 804 839 859 lumen
864 804 1177 869 effundens,
1218 819 1284 859 eo
1327 803 1474 876 quod
1517 804 1691 876 Spiri-

114 912 186 952 tus
214 908 426 954 sanctus
451 905 661 969 septem
695 901 1053 953 maximarum
1085 900 1380 970 gratiarum
1399 900 1689 955 virtutibus

115 992 199 1047 Dei
225 994 476 1062 templum
507 992 799 1048 iltumiuet.
832 992 1119 1048 Trinitatis
1165 991 1332 1062 igitur
1361 992 1602 1063 cognitio
1634 991 1691 1047 in

117 1085 444 1141 interioribus
487 1094 607 1140 erat
651 1084 872 1155 templi,
950 1101 1071 1156 quae
1125 1085 1449 1140 dicebantur
1494 1085 1691 1142 Sancta

116 1178 452 1244 Sanctorum,
487 1177 584 1232 ubi
611 1176 849 1248 reposita
879 1176 1154 1248 quondam
1191 1179 1338 1249 virga
1383 1180 1565 1233 Aaron
1596 1178 1696 1233 llo-

117 1270 419 1341 ruitzquod
464 1271 636 1342 gratia
688 1271 1050 1327 sacerdotalis
1094 1271 1149 1325 in
1196 1268 1417 1327 Christo
1461 1270 1696 1341 amplius

119 1374 246 1419 esset
267 1374 554 1434 operatura
586 1372 709 1435 post
729 1376 983 1431 mortem,
1010 1380 1116 1436 qua
1154 1365 1414 1420 mundum
1440 1365 1694 1421 redemit.

118 1456 270 1512 «Ιηάωί
298 1471 429 1526 ergo
476 1458 521 1513 si
551 1457 855 1513 voluissent
883 1457 1111 1513 credere
1135 1497 1150 1521 ,
1198 1457 1470 1513 evidentia
1518 1457 1698 1512 immi-

121 1551 284 1606 nentis
321 1549 519 1605 excidii
548 1550 702 1620 signa
734 1549 1048 1615 habebant,
1095 1550 1294 1618 quibus
1342 1550 1495 1604 velut
1534 1549 1702 1604 claris

120 1645 323 1701 vocibus
346 1644 784 1700 admonebantur
831 1645 994 1699 linem
1036 1643 1141 1700 sibi
1205 1642 1398 1700 aﬂ‘ore.
1439 1642 1571 1698 Nam
1604 1658 1701 1713 per

121 1752 302 1790 annum
347 1735 519 1792 ferme
550 1750 714 1806 supra
768 1736 1030 1807 templum
1059 1736 1238 1807 ipsum
1279 1744 1522 1791 cometes
1565 1733 1701 1789 arsit

121 1831 261 1899 gladii
300 1830 533 1900 quadam
580 1830 871 1901 pendentis
927 1829 1327 1895 similitudine,
1371 1828 1704 1885 denuntians

1788 622 2069 693 gionisque
2092 620 2206 690 ejus
2239 621 2402 675 urbes
2429 621 2839 676 incursarentur
2872 639 2884 676 :
2917 623 3028 693 ipsa
3058 635 3239 681 autem
3264 625 3402 682 Pett-

1792 721 2024 767 lecostes
2050 712 2398 767 solemnitate
2442 712 2810 783 ingredientes
2834 715 3149 772 sacerdotes
3180 718 3233 772 in
3263 728 3403 773 tem-

1790 804 1865 874 pli
1895 804 2182 871 interiora,
2230 811 2499 860 nocturno
2530 815 2779 877 tempore
2804 816 2862 861 ut
2887 807 3156 863 sacrificia
3185 821 3401 866 assueta

1791 899 2159 966 celebrarent,
2186 907 2244 954 et
2292 907 2499 954 motum
2556 900 2733 969 primo
2763 901 3053 970 quemdam
3078 903 3319 959 sensisse
3344 918 3404 959 se

1792 992 2171 1063 prodiderunt,
2198 1003 2253 1047 et
2297 993 2537 1048 sonitum
2591 994 2841 1060 editum;
2874 1002 3057 1064 postea
3103 997 3267 1052 etiam
3310 1012 3406 1052 au-

1793 1087 1939 1141 disse
1984 1087 2271 1158 repeutina
2312 1101 2443 1142 voce
2486 1086 2828 1141 clamatum:
2865 1085 3214 1144 Transeamus
3259 1088 3400 1143 hinc.

2438 1177 2673 1234 CAPUT
2715 1177 2858 1233 XVI.

1866 1266 2029 1323 Jesus
2057 1282 2277 1339 quoque
2298 1266 2522 1323 Ananiae
2544 1268 2688 1322 illius
2722 1269 2960 1325 ruricola
2997 1271 3102 1338 vir,
3131 1281 3258 1328 ante
3278 1286 3413 1344 qua-

1800 1373 1923 1419 tuor
1946 1377 2121 1419 annos
2144 1377 2307 1432 quam
2332 1360 2537 1417 bellum
2585 1360 2900 1417 Judteorum
2953 1364 3187 1433 p0pu|us
3229 1364 3412 1421 adori—

1799 1470 1977 1526 retur,
2022 1458 2078 1513 in
2125 1472 2336 1513 summa
2369 1471 2503 1527 pace
2530 1456 2683 1513 urbis
2708 1468 2764 1513 et
2793 1457 3123 1515 abundantia
3143 1475 3266 1515 cum
3296 1476 3417 1516 sce-

1802 1552 2030 1621 nopegia
2074 1547 2360 1605 sacrificiis
2411 1550 2753 1605 solemnibus
2790 1552 3227 1619 celebrarentur,
3279 1562 3416 1606 tem-

1801 1644 1948 1714 plum
1980 1643 2286 1699 ascendens
2314 1642 2482 1711 caspit
2506 1643 2749 1698 clamare
2777 1660 2791 1696 :
2832 1642 2948 1697 Vox
2973 1643 3037 1698 ob
3068 1645 3288 1711 oriente,
3311 1659 3413 1700 uox

1800 1735 1866 1790 ab
1893 1735 2178 1799 occidente,
2208 1750 2310 1791 uox
2357 1752 2389 1789 a
2437 1748 2655 1806 quatuor
2684 1737 2869 1804 ventis,
2898 1753 2999 1792 eoa;
3023 1752 3179 1807 super
3227 1736 3420 1794 Hiero-

1804 1832 2085 1902 solymam,
2112 1846 2270 1903 super
2307 1829 2580 1900 templum,
2613 1847 2714 1885 vos:
2748 1847 2907 1902 super
2941 1847 3160 1903 sponsos
3185 1843 3231 1887 et
3254 1849 3415 1904 spon-

123 1938 314 1994 quoque
347 1924 496 1977 ferro
519 1934 575 1978 et
603 1924 709 1993 igni
728 1964 743 1989 ,
774 1924 952 1992 gentis
973 1932 1024 1978 et
1054 1923 1210 1992 regni
1244 1921 1506 1989 urbisque
1532 1920 1705 1989 ipsius
1736 1938 1784 2000 Β
1809 1942 1916 1988 sos,
1941 1941 2039 1981 vos:
2066 1941 2220 1997 super
2241 1941 2444 1979 omnem
2494 1926 2766 1995 populum.
2804 1924 2919 1980 Hoc
2958 1926 3210 1981 noctibus
3255 1936 3420 1997 atque

122 2015 405 2070 vastitatem
434 2016 696 2070 futuram.
726 2014 868 2083 Quid
899 2016 1044 2069 enim
1077 2013 1376 2069 similitudo
1398 2010 1562 2083 gladii
1600 2011 1707 2067 nisi

124 2108 330 2175 bellum,
348 2107 480 2181 quid
509 2109 647 2178 ignis
674 2107 780 2161 nisi
806 2105 1117 2161 incendium
1146 2105 1531 2160 denuntiaret?
1549 2101 1711 2158 Visus

123 2210 283 2257 autem
304 2214 384 2257 est
416 2200 568 2271 prius
589 2215 748 2271 quam
766 2199 998 2269 populus
1024 2214 1054 2253 a
1086 2197 1347 2252 Romanis
1373 2211 1497 2251 sese
1533 2194 1712 2250 disso-

122 2294 295 2358 ciarct.
315 2294 452 2364 lpsis
477 2307 609 2348 vero
635 2292 857 2347 Pascha:
877 2291 1071 2347 diebus
1092 2288 1363 2345 undecimi
1396 2289 1599 2345 mensis
1620 2304 1714 2344 oc-

124 2396 231 2441 tavo
254 2385 359 2451 die,
389 2401 488 2456 per
510 2385 754 2456 singulas
777 2398 964 2440 noctes
990 2384 1122 2438 liora
1145 2383 1365 2438 circiter
1400 2397 1543 2436 nona
1576 2391 1712 2436 tem-

124 2479 250 2547 plum
271 2487 325 2534 et
344 2493 436 2533 ara
461 2478 582 2546 ejus
604 2479 674 2533 ita
692 2477 896 2533 lumine
914 2475 1238 2547 refulgebat,
1252 2474 1409 2544 quasi
1437 2474 1556 2529 dies
1568 2484 1714 2529 esset

125 2586 208 2639 per
227 2570 457 2626 mediam
478 2569 593 2626 fere
611 2569 797 2624 horam
812 2569 1059 2640 quotidie
1079 2582 1338 2624 manens:
1366 2566 1508 2637 quod
1527 2567 1716 2638 vulgus

126 2666 567 2737 interpretabatur
604 2664 949 2720 cumulando:
986 2665 1165 2735 gentis
1208 2662 1466 2717 indicium
1499 2660 1713 2716 videri:

127 2775 278 2830 eoque
304 2761 523 2830 impulsi
540 2772 665 2815 sunt
688 2768 960 2830 tamquam
990 2768 1205 2829 tempus
1230 2757 1421 2813 afforet
1451 2755 1718 2811 libertatis

128 2852 458 2922 recipiendae.
489 2850 880 2907 Prudentiores
919 2859 1108 2904 contra
1139 2848 1503 2919 Opiuabantur
1525 2886 1540 2914 ,
1571 2845 1716 2916 quod

130 2943 219 3001 hoc
241 2962 405 3018 genus
430 2944 610 3001 stelltc
636 2943 837 3002 bellum
860 2943 1037 2999 soleat
1064 2940 1405 2997 denuntiare.

696 3078 927 3136 CAPUT
954 3076 1075 3133 XV.

192 3179 262 3236 Ne
287 3180 577 3251 quiSquam
597 3174 1069 3231 arbitrareturnos
1096 3171 1274 3225 aliena
1298 3184 1325 3221 a
1356 3166 1503 3222 cultu
1528 3174 1720 3220 nostro

134 3284 179 3329 et
205 3274 487 3344 disciplina
514 3273 750 3334 locutos,
776 3266 1010 3338 pritnutn
1058 3281 1163 3318 non
1194 3262 1320 3331 quid
1351 3262 1506 3315 nobis
1539 3259 1722 3314 vidca-

1811 2021 2004 2077 diebus
2032 2018 2455 2075 vociferabatur.
2497 2018 2767 2075 Conuuoti
2799 2020 3066 2089 primores
3099 2021 3206 2077 loci
3245 2021 3421 2076 corri-

1813 2122 2051 2185 puerunt
2086 2127 2236 2179 eum,
2266 2111 2509 2171 terribile
2536 2114 2684 2169 vocis
2729 2116 2851 2183 ejus
2905 2113 3165 2168 iudicium
3199 2112 3426 2184 perboro

1814 2218 2021 2273 rentes,
2042 2219 2099 2263 et
2131 2209 2380 2278 plurimis
2427 2224 2553 2264 eum
2583 2210 2873 2279 suppliciis
2904 2207 3161 2274 aﬂ‘ecerc,
3190 2224 3300 2280 quo
3319 2211 3431 2264 sal-

1814 2309 1923 2357 tem
1945 2300 2180 2356 alllictus
2206 2302 2421 2369 dolore,
2443 2301 2727 2357 desineret
2750 2300 3011 2357 terribilia
3040 2312 3095 2358 ct
3116 2302 3274 2373 plena
3305 2316 3430 2373 pro-

1815 2394 1976 2465 digiis
1998 2395 2343 2450 denuntiare.
2374 2394 2563 2451 Atille
2604 2410 2706 2451 nec
2730 2407 2875 2451 metu
2923 2395 3031 2451 ullo
3056 2411 3158 2451 nec
3186 2395 3431 2452 verberi-

1816 2486 1918 2542 bus
1935 2496 2028 2542 aut
2047 2489 2388 2557 gravioribus
2415 2488 2954 2545 intermiostionibus
2997 2490 3246 2556 territus,
3270 2503 3426 2544 usum

1816 2589 1912 2633 aut
1936 2594 2122 2635 vocem
2150 2580 2400 2645 mutavit,
2424 2581 2521 2636 sed
2551 2581 2605 2636 in
2634 2582 2824 2636 eadem
2847 2581 3284 2638 denuntiatiouis
3306 2598 3430 2653 per-

1816 2673 2228 2739 severantia,in
2254 2674 2449 2730 eodem
2498 2685 2757 2730 contextu
2795 2690 3131 2743 sermonum,
3157 2676 3277 2733 sine
3323 2676 3433 2732 ulla

1819 2768 2213 2847 obsecrationis
2259 2769 2681 2839 interpolatione
2733 2768 3022 2834 manebat,
3074 2771 3286 2842 injuria:
3336 2786 3434 2828 ue-

1818 2861 2263 2932 gligens,all‘ectu
2289 2862 2603 2918 immobilis.
2628 2864 2784 2932 Quod
2802 2881 3141 2937 nequaquam
3171 2866 3431 2938 perfunc-

1821 2957 2020 3010 toriqu
2054 2956 2179 3021 rati,
2211 2956 2311 3012 sed
2338 2957 2395 3011 in
2424 2972 2659 3012 excessu
2677 2958 2900 3026 mentis,
2931 2969 2988 3014 ut
3008 2968 3150 3028 erat,
3179 2961 3438 3032 esptimi,

1821 3048 2133 3105 detulerunt
2174 3050 2241 3104 ad
2290 3049 2395 3106 loci
2421 3049 2683 3119 judicent,
2712 3050 2809 3121 qui
2836 3061 2964 3107 tunc
2988 3053 3253 3123 temporis
3274 3068 3302 3106 a
3325 3052 3437 3108 Ro-

1824 3143 2000 3197 manis
2048 3157 2146 3212 per
2182 3142 2235 3197 id
2289 3144 2395 3198 loci
2452 3144 2667 3214 publica
2699 3145 2940 3215 agitabat
2994 3146 3230 3215 negotia.
3277 3145 3327 3201 ls
3356 3144 3434 3200 ri-

1826 3237 2037 3292 mandtc
2064 3236 2310 3292 veritatis
2338 3239 2535 3307 gratia,
2568 3237 2885 3293 saevissimis
2914 3254 3038 3294 eum
3087 3239 3263 3309 pretiis
3284 3239 3439 3294 exul-

137 3378 209 3422 tur
236 3331 551 3426 astr'uimus,
584 3360 679 3416 sed
736 3331 863 3430 quid
896 3356 1180 3422 acciderit,
1213 3368 1403 3425 quaeve
1433 3352 1721 3422 opiniones
1746 3333 1792 3397 C
1824 3331 2447 3430 Ceratif-_Quo__nt_ngi8_
2479 3341 2858 3430 perseveraret
2889 3376 2904 3399 ,
2957 3348 3023 3430 eo
3056 3332 3436 3390 vehementius

137 3469 248 3515 tunc
306 3458 578 3529 temporis
618 3453 859 3520 fuerint,
892 3450 1022 3522 quid
1077 3448 1372 3520 prudentes
1427 3443 1719 3512 senserint,

138 3551 249 3623 quid
292 3549 673 3622 imprudentes
698 3589 713 3613 ,
745 3558 920 3612 neque
964 3556 1083 3597 cum
1115 3540 1183 3594 de
1211 3548 1360 3594 secta
1413 3534 1721 3591 Judteorum

140 3644 250 3713 quid
277 3645 487 3699 dictum
518 3648 622 3704 est,
659 3638 731 3692 ita
761 3636 1023 3703 scriptum
1052 3631 1299 3688 videatur
1330 3643 1361 3683 a
1383 3627 1537 3683 nobis
1571 3624 1724 3697 quasi

142 3738 184 3790 in
217 3736 438 3792 veritate
464 3733 648 3789 cultus
686 3744 903 3795 eorum,
932 3742 1040 3782 non
1094 3724 1248 3795 quasi
1295 3724 1345 3776 in
1376 3720 1561 3777 umbra
1590 3728 1644 3774 et
1672 3717 1728 3771 li-

140 3844 256 3897 gura
301 3826 650 3901 praemissum
696 3819 1141 3876 contexuerimus
1169 3857 1183 3881 ,
1232 3825 1290 3869 ut
1322 3824 1348 3851 οι
1375 3824 1729 3883 sequeremur

144 3923 476 3993 perfectiora.
518 3919 652 3974 Nunt
677 3916 745 3972 de
776 3911 950 3986 signis
977 3911 1257 3967 stellarum
1281 3910 1448 3964 etiam
1474 3907 1524 3959 in
1554 3904 1730 3958 Evan-

142 4018 266 4085 gelio
305 4016 595 4077 docemur,
620 4010 745 4080 quia
770 4018 919 4061 erunt
950 4005 1098 4076 signa
1119 4002 1174 4056 in
1201 4000 1327 4065 sole,
1356 4010 1403 4053 et
1427 3998 1573 4061 luna,
1600 4003 1651 4048 et
1675 3994 1730 4047 in

144 4109 288 4163 stellis
332 4106 491 4180 (Luc.
542 4118 657 4167 χχι,
714 4098 833 4171 25).
868 4096 1064 4151 Vitulte
1112 4105 1331 4162 quoque
1382 4092 1732 4180 asserucrunt

144 4210 308 4270 partu,
339 4175 467 4257 cum
517 4191 845 4251 immolanda
892 4194 1103 4244 astaret
1151 4183 1415 4239 altaribus
1451 4182 1503 4234 in
1553 4175 1732 4233 medio

146 4296 316 4365 templi
365 4306 564 4365 agnam
616 4287 818 4344 editam
848 4286 902 4338 in
952 4280 1086 4354 ipsis
1116 4290 1397 4333 sacrorum
1423 4288 1545 4345 quae
1569 4286 1733 4341 supra

144 4386 593 4447 memoravimus,
648 4374 1082 4435 celebritatibus.
1129 4369 1464 4427 Orientaletn
1519 4379 1736 4438 quoque

146 4490 338 4548 portam
368 4477 686 4534 interiorem
716 4470 892 4527 solido
913 4483 1024 4524 :ere
1046 4480 1268 4538 gravem
1296 4477 1418 4533 quae
1438 4459 1642 4516 soleret
1667 4458 1734 4513 ad

144 4587 413 4642 vesperam
441 4568 629 4640 viginti
681 4564 921 4620 virorum
983 4558 1164 4616 claudi
1215 4556 1422 4623 labore,
1471 4550 1738 4610 obseratis

146 4666 380 4720 vectibus
410 4662 628 4725 ferreis,
659 4672 757 4728 per
787 4657 994 4726 aliquot
1037 4661 1225 4708 noctes
1274 4659 1470 4719 sponte
1525 4661 1739 4703 reseru-

1826 3424 2023 3493 corripi
2050 3422 2284 3495 ﬂagellis
2303 3424 2581 3480 hominem
2622 3425 2797 3495 jubet,
2828 3436 2887 3480 ut
2926 3428 2971 3482 si
3002 3442 3104 3497 qua
3130 3438 3431 3483 secretiora

1827 3512 1989 3569 futuri
2020 3515 2283 3569 tumultus
2307 3514 2503 3570 indicia
2528 3518 2909 3586 comperisset,
2940 3517 3337 3575 manifestaret.
3365 3518 3437 3574 At

1829 3606 1921 3662 ille
1946 3622 2122 3678 neque
2166 3606 2337 3673 llevit,
2368 3623 2544 3679 neque
2581 3610 2815 3680 rogavit,
2850 3610 2948 3665 sed
2976 3609 3041 3665 ad
3076 3611 3288 3681 singula
3316 3625 3441 3667 ver-

1828 3700 1985 3765 bera,
2019 3715 2126 3755 non
2177 3714 2357 3767 suum,
2387 3702 2481 3756 sed
2534 3700 2721 3770 patria:
2755 3701 3029 3757 excidium
3056 3701 3315 3759 ﬂebiliter
3337 3705 3439 3759 de-

1830 3794 2351 3865 plorabat,dicens:
2396 3794 2485 3849 Va:
2533 3795 2927 3866 Hierosolymis.
2963 3794 3148 3867 Neque
3209 3797 3446 3853 interro-

1829 3898 1987 3960 gatus
2016 3889 2135 3960 quis
2179 3894 2348 3951 esSet,
2397 3888 2483 3945 vel
2515 3888 2677 3954 unde,
2708 3891 2790 3944 vel
2820 3903 2921 3943 cur
2959 3889 3150 3945 eadem
3201 3889 3437 3959 diceret,

1831 3999 2156 4054 responsum
2190 3983 2454 4038 reddidit:
2475 3982 2571 4039 sed
2597 3983 2972 4039 tantummodo
2999 3984 3444 4043 lamentationem

1832 4081 1980 4136 illam
2029 4081 2236 4151 patriai,
2273 4089 2468 4150 questu
2516 4078 2816 4135 miserabili
2845 4081 3296 4152 prosequebatur.
3338 4083 3443 4139 De-

1834 4174 2008 4231 fessus
2061 4175 2241 4246 itaque
2289 4173 2520 4231 Albinus
2544 4172 2678 4247 (hoc
2697 4173 2846 4229 enim
2889 4190 3088 4231 nomen
3119 4175 3261 4250 viro)
3284 4177 3446 4233 dimi-

1836 4273 2049 4327 sitcum
2081 4280 2357 4342 tamquam
2398 4269 2644 4325 dementi
2686 4269 2894 4336 furore,
2923 4271 3051 4341 quid
3081 4270 3292 4329 diceret
3338 4287 3449 4328 non

1838 4364 2191 4420 sentientem.
2220 4365 2290 4418 At
2316 4364 2407 4419 ille
2433 4379 2608 4434 neque
2632 4377 2946 4420 sermonem
2972 4364 3138 4419 ullum
3169 4380 3292 4421 cum
3315 4381 3453 4438 quo-

1838 4474 2001 4530 quam
2034 4458 2291 4523 habebat,
2321 4472 2499 4529 neque
2520 4458 2845 4529 aliudloqui
2882 4473 2977 4529 per
3018 4459 3286 4530 reliquum
3311 4471 3454 4517 teni-

1841 4567 1943 4623 pus
1967 4551 2183 4608 auditus
2235 4551 2485 4621 est;sed
2533 4552 2638 4607 hoc
2683 4563 2956 4621 tamquam
3004 4551 3235 4622 lugubre
3286 4562 3453 4624 atque

1843 4643 2126 4701 funereum
2154 4644 2425 4701 canticum
2457 4659 2681 4708 canens,
2709 4644 2901 4700 diebus
2938 4658 3003 4698 ac
3034 4645 3283 4699 noctibus
3307 4644 3453 4715 jugi-

147 4768 266 4826 tam,
296 4769 353 4815 et
381 4758 474 4814 vix
523 4761 714 4826 postea
739 4767 769 4806 a
798 4747 1114 4805 custodibus
1142 4744 1408 4801 clausam.
1439 4740 1498 4797 ld
1524 4753 1739 4811 quoque
1763 4735 1817 4797 D
1846 4748 1928 4794 ter
1976 4739 2293 4806 resultabat,
2347 4737 2440 4794 Vw
2469 4737 2852 4810 Hierosolymis
2875 4754 2894 4792 :
2922 4753 3098 4808 neque
3143 4737 3455 4794 verberanti

147 4852 541 4908 arbitrabantur
572 4846 815 4918 plerique
842 4842 1145 4898 futurorum
1184 4838 1395 4908 signum
1456 4834 1740 4900 bonorum,

148 4949 331 5017 quibus
386 4941 718 5016 ittgressnris
763 4947 919 5010 porta
961 4935 1268 5006 aperiretur
1316 4950 1330 4985 :
1376 4928 1743 4985 consultiores

148 5052 317 5098 autem
372 5039 593 5095 aiebant
634 5033 933 5091 custodiam
986 5028 1172 5098 templi
1219 5024 1514 5082 resolutam
1545 5019 1742 5085 videri,

150 5148 201 5192 ut
221 5149 577 5208 quaecumque
600 5132 745 5187 intus
775 5128 954 5184 forent
980 5126 1049 5180 ab
1080 5121 1329 5178 hostibus
1356 5118 1741 5189 diriperentur,

150 5233 323 5287 exiret
369 5229 550 5285 cultus
581 5223 811 5280 interior
833 5230 889 5276 et
913 5219 1171 5275 vastitate
1197 5220 1577 5276 evacuaretur,
1602 5208 1743 5265 cele-

152 5326 312 5382 britas
331 5322 728 5381 sacrificiorum
758 5316 1154 5376 destrueretur,
1186 5308 1330 5381 quod
1354 5309 1517 5363 etiam
1542 5314 1594 5360 et
1619 5312 1747 5358 ante

1842 4832 2278 4899 conviciabatur,
2311 4847 2487 4904 neque
2506 4831 2688 4888 cibum
2736 4830 3072 4902 impertienti
3097 4830 3302 4902 gratias
3329 4846 3458 4902 age‘

1844 4926 1938 4983 bat
1968 4944 1979 4979 :
2012 4941 2116 4982 una
2147 4935 2267 4980 erat
2287 4926 2355 4980 ad
2405 4940 2598 4981 omnes
2647 4924 2950 4996 eademque
2994 4925 3150 4994 plena
3208 4923 3454 4980 funebris

1844 5017 2084 5072 ululatus
2109 5017 2419 5088 responsio,
2450 5025 2506 5072 et
2532 5017 2770 5072 maxime
2795 5016 3186 5072 sacrificiorum
3216 5016 3455 5072 celebri-

1844 5113 2070 5169 tatibus.
2093 5112 2198 5168 Per
2225 5121 2439 5184 septem
2488 5114 2669 5184 itaque
2698 5127 2872 5168 annos
2897 5123 2953 5167 et
2979 5113 3218 5184 quinque
3238 5128 3458 5170 menses

1844 5206 2036 5263 eadem
2085 5206 2375 5263 verborum
2423 5207 2617 5277 series,
2648 5207 2791 5263 idem
2843 5208 3001 5263 vocis
3045 5223 3235 5264 sonus.
3264 5209 3463 5265 Mansit

1848 5302 2031 5371 itaque
2056 5301 2360 5358 indefessus
2416 5311 2564 5357 tanto
2592 5310 2879 5371 tempore:
2908 5301 2998 5357 ubi
3031 5301 3249 5359 obsidio
3270 5305 3461 5374 coepit,

151 5433 306 5488 quam
356 5412 743 5484 crucifigerent
786 5406 1066 5462 Christum
1092 5402 1305 5467 Iesum,
1332 5396 1537 5468 liquido
1583 5393 1751 5465 signi-
1850 5393 2040 5448 eadem
2066 5392 2155 5447 ille
2183 5392 2476 5449 vociferari
2499 5392 2732 5460 destitit,
2757 5394 2912 5463 quasi
2944 5395 3149 5449 cessari
3182 5403 3463 5463 oporteret

155 5487 365 5569 licatum
397 5510 563 5566 lectio
608 5506 790 5561 docet.
818 5502 944 5556 Post
970 5497 1168 5553 nmltos
1195 5506 1409 5564 quoque
1438 5489 1556 5545 dies
1579 5487 1749 5558 ligura

155 5606 399 5677 quredam
425 5597 675 5674 apparuit
712 5588 1103 5652 inaestimabilis
1143 5581 1556 5653 magnitudinis,
1589 5593 1750 5677 quam

157 5671 369 5773 plurimi
395 5671 844 5764 circumspexere
872 5685 1036 5759 (sicut
1086 5679 1209 5737 libri
1230 5676 1543 5773 indecorum
1582 5671 1757 5773 matti-

157 5763 466 5867 l'estarunt),
483 5800 538 5849 et
560 5763 689 5846 ante
727 5781 861 5840 solis
880 5790 1130 5837 occasum
1177 5768 1361 5833 subito
1385 5766 1486 5827 visi
1515 5765 1571 5825 in
1593 5763 1752 5825 nubi-

226 5921 253 5952 ι
277 5908 649 5981 Sequerentur.
673 5899 955 5958 GALLAND-
1700 5880 1707 5887 ’

1853 5487 2322 5543 denuntiationem
2368 5503 2491 5543 cum
2539 5487 2817 5555 adessent,
2847 5504 2968 5559 quae
2996 5487 3214 5544 fuerant
3249 5489 3461 5545 denun-

1854 5579 2007 5634 tiata.
2031 5579 2140 5637 Sed
2188 5580 2283 5636 ubi
2311 5582 2478 5651 cmpit
2506 5581 2723 5637 flamma
2768 5582 2959 5639 urbem
2992 5582 3196 5653 pariter
3241 5591 3458 5639 ettem-

1856 5675 2005 5747 plum
2049 5674 2351 5743 involvere,
2391 5675 2719 5733 circumiens
2766 5693 2980 5735 murum
3029 5677 3269 5735 clamare
3291 5682 3461 5750 etepit

1859 5769 2091 5826 iterum:
2133 5766 2222 5824 γω
2249 5768 2447 5825 civitati
2469 5780 2517 5827 et
2547 5771 2741 5844 populo
2784 5782 2833 5828 et
2875 5773 3083 5845 tuopte.
3120 5774 3183 5830 Et
3214 5774 3279 5831 ad
3331 5791 3461 5849 pos-
