3948 6324
551 296 694 352 2215

1846 285 2094 343 S.\NCTI
2136 281 2464 340 AMBROSII

3714 272 3832 332 2216

552 419 784 465 tremum
833 406 1057 472 addidit,
1101 406 1190 460 Vw
1240 405 1399 461 etiam
1425 405 1551 460 mihi
1579 423 1598 472 ;
1637 413 1691 461 et
1715 413 1740 443 α
1766 402 2025 459 fundibali
2049 401 2154 456 ictu
2181 400 2232 460 A
2260 398 2387 465 dmi,
2436 411 2669 468 quorum
2700 396 2896 452 feriato
2929 395 3017 452 die
3041 394 3250 452 sabbati
3279 395 3422 449 inter
3440 392 3707 448 solemnes
3728 408 3830 445 nos-

556 503 608 557 in
627 505 817 558 eadem
847 515 977 556 voce
998 497 1178 555 emisit
1207 499 1479 568 Spiritum.

1133 614 1361 672 CAPUT
1406 614 1570 670 XVII.

627 711 824 766 Urbem
838 709 999 766 etiam
1015 723 1135 765 cum
1155 708 1613 779 templo,vetustis
1639 706 1800 761 etiam
1816 705 2011 760 litteris
2024 704 2158 760 seri-

551 817 700 876 ptum
724 815 862 869 erat,
889 813 1019 860 tunc
1043 801 1362 874 perituram,
1388 817 1508 857 cum
1527 810 1867 872 tetragonnm
1894 798 2156 868 templum

555 897 757 952 factum
802 895 1013 951 fuisset.
1062 895 1248 966 Itaque
1285 894 1401 949 sive
1430 894 1606 960 obliti,
1639 893 1757 948 sive
1795 890 2159 961 obstupefacti

547 990 917 1060 ingruentium
967 989 1242 1044 malorum
1289 987 1636 1050 necessitate,
1664 985 1757 1040 ubi
1781 992 2044 1054 occupata
2074 990 2160 1038 est

550 1087 806 1151 Antonia,
825 1092 1166 1155 tetragonum
1200 1084 1253 1137 in
1279 1083 1510 1138 circuitu
1532 1080 1757 1149 templib
1781 1080 2043 1136 fecerunt.
2069 1077 2159 1133 In-

552 1179 916 1250 terquzeillnd
945 1174 1681 1247 praecellentissimum,quod
1708 1175 1759 1228 in
1787 1173 1983 1228 litteris
2009 1186 2162 1242 teque

550 1272 949 1344 vetustis(quas
979 1286 1164 1326 sacras
1195 1269 1479 1338 vocabant)
1513 1268 1768 1323 manebat
1807 1269 2158 1338 impressum,

549 1367 694 1438 quod
717 1365 1012 1422 secundum
1046 1364 1178 1420 illud
1204 1373 1433 1434 tempus,
1461 1362 1674 1417 futurus
1695 1371 1840 1418 esset
1871 1362 1953 1416 vir
1978 1360 2066 1430 qui
2096 1359 2166 1415 de

549 1462 774 1531 regione
810 1475 998 1515 eorum
1030 1456 1318 1528 imperium
1345 1465 1649 1512 assumeret
1679 1457 1730 1510 in
1761 1456 1947 1510 orbem
1989 1465 2164 1510 terra—

552 1555 831 1620 rum.Quae
854 1568 943 1608 res
957 1566 1052 1608 eos
1075 1551 1128 1607 in
1145 1560 1296 1606 tanto
1313 1552 1495 1606 furore
1518 1551 1718 1620 posuit,
1744 1559 1800 1604 ut
1821 1546 1920 1604 sibi
1951 1563 2056 1603 non
2073 1561 2165 1601 so-

553 1643 663 1702 lum
680 1644 1112 1710 libertatem,sed
1135 1645 1299 1700 etiam
1321 1659 1546 1715 regnum
1570 1641 2048 1713 pollicerentur.ld
2073 1641 2164 1696 alii

551 1740 618 1796 ad
652 1739 1042 1810 Vespasianum
1073 1737 1417 1793 referendum
1462 1745 1740 1806 putarunt,
1774 1736 2159 1807 prudentiores

553 1832 620 1888 ad
652 1833 942 1888 Dominum
991 1831 1200 1899 Iesum,
1232 1831 1322 1901 qui
1369 1832 1665 1886 secundum
1697 1846 1918 1885 carnem
1941 1830 2156 1901 genitus

552 1941 619 1982 ex
645 1926 806 1980 Maria
839 1942 1065 1997 regnum
1095 1941 1250 1980 suum
1285 1941 1382 1996 per
1408 1925 1721 1981 universum
1770 1923 2033 1978 mundum
2057 1921 2158 1978 dif-

551 2018 708 2074 fudit.
733 2017 924 2074 Tantis
957 2023 1140 2088 itaque
1172 2019 1338 2074 rebus
1367 2029 1388 2056 ο
1421 2018 1788 2084 manentibus,
1825 2033 1932 2072 non
1965 2026 2155 2088 potue-

552 2120 678 2165 runt
698 2124 894 2166 cavere
918 2110 1062 2180 quod
1089 2110 1345 2165 divinitus
1367 2109 1788 2166 decernebatur.
1816 2110 2158 2167 Manifestam

551 2209 696 2264 enim
730 2208 826 2262 Dei
854 2208 907 2261 in
937 2221 998 2262 se
1028 2215 1426 2277 cognoscentes
1459 2207 1618 2272 iram,
1649 2206 1717 2260 ad
1769 2207 2161 2262 consolationis

552 2303 786 2374 alicujus
818 2303 1122 2360 remedium
1151 2303 1463 2373 pertingere
1501 2310 1793 2357 renuerunt
1824 2319 1835 2356 :
1869 2311 2011 2357 tanta
2041 2317 2160 2358 sce-

554 2397 683 2454 leris
706 2396 1049 2454 obnubilatio
1073 2395 1337 2454 mentium
1370 2397 1560 2450 oculos
1581 2395 1902 2451 obduxerat.

1127 2488 1356 2546 CAPUT
1395 2487 1585 2543 XVIII.

628 2583 937 2652 Desperatis
957 2581 1226 2653 siquidem
1253 2591 1306 2637 et
1331 2596 1519 2637 eorum
1545 2581 1731 2646 rebus,
1753 2588 1943 2636 auctor
1970 2579 2160 2634 turba-

553 2690 674 2730 rum
706 2675 997 2730 Eleazarus
1026 2715 1040 2740 ,
1074 2674 1217 2729 inter
1257 2682 1455 2729 caetera
1486 2672 1803 2728 diffidentia:
1849 2673 2034 2738 verba,
2067 2673 2164 2729 ab-

547 2766 806 2838 jectionis
827 2781 940 2822 suae
967 2782 997 2822 a
1027 2767 1140 2823 Deo
1161 2767 1240 2822 sic
1268 2775 1597 2838 conquestus
1626 2775 1710 2822 est
1735 2783 1746 2820 :
1781 2765 1824 2820 Ο
1851 2765 2062 2833 miseri,
2095 2765 2160 2818 ad

551 2873 711 2929 quam
744 2875 897 2929 spem
928 2859 1085 2914 istius
1109 2860 1232 2918 vita:
1262 2874 1362 2914 nos
1389 2858 1784 2915 reservamus?
1809 2857 1959 2923 Esto,
1992 2855 2163 2912 hostis

553 2953 819 3023 ignoscat,
845 2952 976 3022 quid
1007 2954 1249 3024 proderit
1274 2969 1397 3009 cum
1432 2955 1524 3010 Dei
1562 2955 1767 3010 offensa
1796 2954 1984 3010 clara?
2013 2955 2163 3024 ignes

553 3047 622 3102 ab
651 3047 807 3102 hoste
857 3047 911 3101 in
967 3061 1065 3101 nos
1093 3047 1261 3115 versi,
1317 3056 1520 3102 mutata
1576 3058 1864 3102 ventorum
1916 3047 2158 3112 ﬂamina,

550 3137 783 3195 ﬂammae
826 3148 1043 3196 retort:e
1079 3182 1093 3207 ,
1144 3150 1201 3195 ut
1249 3151 1433 3198 nostra
1493 3142 1734 3198 subsidia
1785 3143 2156 3200 demerentur.

2261 502 2467 547 trorum
2496 507 2778 546 sacrorum
2803 492 2980 546 cultus
3025 488 3317 544 multitudo
3344 487 3628 558 gentilium
3678 486 3834 538 Caesa—

2259 586 2545 650 riensium,
2571 584 2857 656 repentino
2877 583 3111 654 quodam
3139 583 3341 652 impetu
3366 592 3419 636 et
3443 581 3610 635 misso
3628 579 3835 648 desuper

2260 679 2446 734 furore
2470 693 2736 734 succensa
2759 677 2950 748 viginti
2974 677 3140 731 millia
3170 674 3395 738 delevit,
3419 688 3611 728 omnes
3635 671 3830 742 fugavit,

2260 785 2317 827 ut
2347 781 2514 826 totam
2543 771 2731 827 urbem
2759 769 3299 826 exinaniret.Nonne
3314 757 3526 839 Syriam
3555 775 3712 820 totam
3732 766 3834 834 qui-

2260 868 2384 925 dem
2437 867 2685 937 implevit
2731 865 3026 932 dementia,
3059 873 3114 919 ut
3141 862 3319 918 Judzci
3363 873 3527 932 atque
3553 858 3833 931 gentilesin
3882 897 3884 900 μ

2261 963 2456 1018 iisdem
2499 962 2720 1017 urbibus
2769 961 2881 1029 siti,
2942 970 2996 1016 et
3054 960 3322 1015 incolatns
3360 957 3532 1028 gratia
3563 956 3660 1011 sibi
3707 955 3839 1026 prius

2263 1055 2410 1120 nexi,
2440 1064 2629 1126 postea
2649 1055 2790 1110 inter
2833 1070 2891 1110 se
2917 1053 3085 1108 armis
3106 1052 3455 1116 colliderent,
3474 1065 3578 1120 quo
3600 1049 3840 1105 Romanis
3897 1049 3900 1104 Ῐ

2262 1146 2462 1202 vadum
2492 1146 2690 1202 futura:
2717 1146 2961 1202 victoriae
2997 1143 3462 1200 constitueretur?
3492 1142 3620 1197 Nam
3641 1142 3762 1213 quid
3781 1141 3841 1197 de

2264 1241 2582 1313 Scythopoli
2623 1241 2984 1312 loquar?quo
3023 1238 3196 1296 Judaei
3229 1238 3407 1308 primo
3448 1237 3836 1298 contenderant,

2265 1349 2324 1394 ut
2348 1341 2606 1412 gentilem
2646 1339 2902 1410 pepulum
2937 1339 3414 1409 prtcvenirent,ne
3439 1335 3565 1406 quid
3601 1333 3840 1388 adversus
3905 1339 3907 1346 '

2265 1445 2486 1489 nostros
2507 1434 2760 1504 exemplo
2782 1445 3103 1489 caeterarum
3151 1433 3363 1488 urbium
3417 1429 3840 1486 maehinaretur?
3907 1429 3909 1504 ε

2269 1526 2450 1595 Itaque
2473 1544 2611 1598 quos
2638 1542 2735 1597 par
2762 1527 3196 1596 fuitconjunctos
3219 1525 3510 1580 adversum
3536 1522 3840 1592 alienigenas

2268 1620 2473 1675 viribus
2516 1619 2663 1676 bello
2710 1619 3028 1686 decernere,
3055 1620 3171 1674 haec
3199 1633 3230 1674 e
3269 1617 3544 1674 contrario
3577 1615 3839 1676 adversum

2267 1728 2326 1768 se
2349 1711 2520 1768 Judaei
2551 1713 2967 1768 decertaverunt
2991 1729 3006 1778 ;
3034 1721 3094 1766 ut
3123 1727 3243 1781 pars
3267 1726 3458 1766 eorum
3480 1709 3726 1764 adversus
3751 1723 3842 1762 co-

2185 1792 2236 1853 Β
2261 1815 2456 1876 gnatos
2477 1814 2527 1861 et
2561 1807 2838 1877 proximos
2863 1819 2992 1861 suos
3019 1805 3382 1876 prmliaretur.
3409 1802 3613 1858 Deinde
3631 1801 3724 1871 ipsi
3754 1817 3842 1871 pro

2263 1899 2438 1969 pretio
2465 1899 2690 1965 laboris,
2723 1909 2778 1952 et
2807 1897 3038 1968 impensi
3088 1897 3366 1967 sanguinis
3392 1912 3422 1951 a
3453 1895 3730 1967 gentilibus
3759 1910 3844 1963 pe—

2262 1995 2610 2062 rimerentur,
2638 1994 2780 2064 quod
2806 1992 3208 2064 prohibuerunt
3233 1991 3335 2062 ipsi
3368 1990 3487 2046 fieri
3519 1991 3573 2045 in
3594 1987 3838 2060 gentibus.

2265 2086 2608 2156 Damasceni,
2630 2086 2780 2142 nulla
2810 2087 3081 2142 existente
3105 2100 3291 2150 causa,
3317 2083 3630 2151 octoimillia
3649 2079 3840 2136 Judaeu-

2265 2197 2381 2237 rum
2415 2191 2750 2237 straverunt.
2786 2180 3117 2236 Ascalonita:
3147 2177 3173 2215 ἀ
3198 2179 3307 2234 duo
3333 2178 3500 2232 millia
3523 2177 3834 2247 quingentos.

2266 2274 2322 2330 In
2356 2277 2488 2332 urbe
2507 2291 2721 2347 quoque
2750 2277 2835 2330 cui
2879 2274 3170 2330 Ptolemais
3203 2289 3424 2338 nomen,
3457 2272 3584 2326 czesi
3610 2270 3708 2325 duo
3732 2268 3836 2322 mil-

2265 2365 2355 2423 lia.
2391 2367 2734 2426 Alexandria:
2758 2382 2891 2423 vero
2918 2375 3074 2422 vetus
3100 2374 3218 2422 erat
3264 2365 3451 2421 odium
3485 2364 3625 2418 inter
3651 2359 3832 2416 Judasos

2264 2468 2320 2514 et
2341 2460 2582 2532 gentium
2608 2461 2862 2531 populos,
2894 2475 2964 2515 ex
2990 2475 3098 2529 quo
3135 2471 3366 2528 magnus
3406 2453 3704 2510 Alexander
3725 2463 3832 2505 usus

2265 2564 2350 2611 est
2399 2556 2580 2610 studio
2633 2553 2943 2610 Judzeorum
2993 2552 3060 2607 ad
3113 2550 3399 2623 Egyptios
3455 2544 3828 2617 subjiciendus:

2267 2648 2412 2703 unde
2437 2649 2656 2703 condita
2670 2648 2805 2703 urbe
2830 2663 2896 2702 ex
2919 2662 3076 2717 teque
3103 2645 3306 2700 Iudaeis
3328 2652 3385 2699 et
3411 2640 3674 2714 Egyptiis
3697 2637 3828 2690 attri-

2268 2740 2394 2794 buta
2446 2741 2731 2812 privilegia
2762 2749 2818 2794 et
2872 2739 3238 2794 habitationes
3291 2735 3552 2801 diversm,
3584 2747 3647 2787 ne
3671 2744 3828 2785 eorum

2265 2835 2447 2891 cultus
2478 2837 2904 2906 permisceretur
2925 2835 3016 2906 qui
3037 2831 3447 2905 puriticationes
3473 2845 3598 2885 suas
3622 2827 3727 2882 sine
3739 2823 3829 2878 ulla

2264 2934 2525 2987 volebant
2553 2933 2888 3003 contagione
2920 2946 3167 2986 servare.
3205 2929 3345 2985 llinc
3377 2928 3686 2999 frequentes
3709 2924 3829 2977 inter

2267 3042 2362 3081 eos
2382 3027 2668 3082 conflictus
2692 3026 2866 3092 fuere,
2895 3033 3086 3080 exorta
3106 3024 3303 3095 jurgia,
3322 3022 3587 3094 judicium
3614 3020 3827 3090 petitum.

2265 3118 2409 3173 Nihil
2445 3128 2622 3173 tamen
2650 3134 2716 3174 cx
2770 3119 2903 3173 tanti
2937 3118 3078 3189 regis
3111 3126 3435 3173 temeratum
3488 3115 3654 3185 liquet
3690 3110 3830 3166 fuisse

551 3187 782 3195 __.--...w
827 3187 1041 3196 .--νην
1079 3187 1093 3207 ,
1249 3187 1433 3198 ..---...
1493 3187 1734 3198 ww“...
3005 3187 3018 3189 -

551 3233 683 3300 Quis
733 3233 930 3303 poterit
966 3233 1296 3289 adversante
1341 3234 1456 3290 Deo
1487 3235 1716 3290 vivere?
1771 3233 1958 3290 Nullus
1986 3235 2160 3290 venize
2188 3187 2234 3252 Ο
2264 3210 2566 3303 beneﬁcus,
2596 3211 2692 3266 sed
2744 3220 2931 3281 Ρ⁰⁵ί⁰³
2980 3227 3008 3265 ³
3037 3210 3335 3281 gemmbus
3385 3216 3578 3264 emno
3610 3204 3827 3303 ¹ξ¹¹¹ἶ¹¹¹ω⁹

550 3325 723 3390 locus,
755 3326 850 3381 sed
884 3327 1232 3382 manifestum
1257 3327 1582 3384 voluntaria:
1623 3329 1816 3384 mortis
1849 3329 2157 3400 imperium.

551 3417 692 3486 Quid
721 3421 867 3474 enim
901 3436 1009 3474 nox
1030 3420 1340 3488 intervenit,
1360 3421 1461 3475 nisi
1487 3429 1546 3475 ut
1569 3436 1666 3475 nos
1691 3420 1861 3476 hostis
1891 3437 1997 3476 non
2023 3437 2163 3492 prm-

552 3513 785 3578 veniret,
812 3528 912 3568 nee
935 3513 1128 3568 deusto
1158 3513 1350 3568 murali
1377 3513 1634 3584 praesidio
1669 3515 1930 3568 continuo
1964 3514 2162 3569 irrum-

551 3615 705 3678 peret
738 3623 751 3671 ;
785 3606 883 3662 sed
909 3615 966 3662 ut
1005 3606 1163 3662 nobis
1194 3607 1515 3663 exercendae
1540 3615 1742 3662 mutuae
1766 3609 1917 3664 necis
1947 3617 2162 3679 tempus

550 3708 948 3766 reservaretur,
972 3700 1270 3772 liceretque
1299 3715 1423 3755 cum
1451 3699 1640 3755 liberis
1672 3700 1873 3755 nostris
1897 3708 1950 3754 et
1973 3713 2161 3755 neces-

551 3793 883 3851 situdinibus
907 3795 1066 3862 mori,
1107 3812 1178 3852 ne
1207 3795 1518 3853 videremus
1555 3797 1784 3852 anhelos
1813 3813 1973 3852 senes
2002 3812 2162 3852 anus—

549 3906 711 3963 quea
763 3891 1022 3948 Romanis
1076 3891 1346 3962 pertrahi,
1401 3891 1756 3946 charissimas
1803 3891 2064 3962 conjuges
2094 3890 2162 3946 ad

547 3987 770 4042 victoris
794 3986 1073 4042 libidinem
1106 3985 1265 4056 rapi?
1294 3985 1732 4042 Commoriamur
1759 3984 1973 4056 patriae,
2001 4000 2068 4040 ne
2089 3984 2162 4040 εἰς

554 4093 675 4133 mus
703 4079 1024 4148 superstites
1045 4079 1176 4134 tanti
1203 4078 1490 4134 dedecoris
1514 4079 1832 4149 opprobrio.
1865 4079 1983 4144 Quo
2005 4079 2165 4149 igitur

554 4170 818 4241 fugiemus
847 4187 876 4225 a
903 4170 1038 4226 faeie
1069 4170 1186 4236 Dei,
1218 4179 1311 4225 aut
1341 4186 1448 4241 quo
1491 4170 1690 4225 ibimus
1740 4169 1952 4226 infenso
2007 4171 2164 4226 nobis

551 4261 679 4319 caeli
700 4263 977 4317 Domino?
1003 4262 1059 4318 Si
1092 4261 1292 4316 cadant
1335 4276 1500 4331 super
1528 4277 1629 4317 nos
1656 4271 1869 4317 montes
1890 4272 1946 4317 et
1968 4278 2166 4318 conca-

552 4355 632 4410 vis
655 4355 925 4426 specubus
969 4353 1332 4422 abscondant,
1361 4355 1639 4426 quomodo
1661 4365 1841 4411 tamen
1867 4357 2165 4426 poterimus

549 4447 828 4504 declinare
855 4447 1281 4520 indignationem
1315 4456 1479 4503 tantae
1512 4449 1841 4520 potestatis?
1874 4466 1984 4522 quo
2016 4452 2160 4507 enim

2261 3319 2384 3357 cum
2407 3302 2722 3358 Judzeoruzn
2757 3303 2935 3359 necati
2958 3303 3146 3374 aliqui,
3179 3303 3266 3356 alii
3293 3301 3359 3357 ad
3387 3316 3599 3371 poenam
3615 3298 3834 3354 detinen-

2262 3405 2378 3452 tur:
2400 3397 2598 3468 injuria
2624 3407 2829 3452 motum
2851 3396 3162 3452 Judaeorum
3182 3395 3440 3466 populum
3460 3393 3735 3449 adversum
3749 3402 3829 3441 au-

2260 3499 2442 3546 ctores
2455 3491 2671 3561 injuria:
2686 3490 3053 3546 insurrexisse
3069 3507 3080 3544 :
3097 3498 3287 3545 etcum
3305 3487 3634 3561 pertinacius
3647 3481 3833 3540 sedeci-

2264 3585 2424 3640 vibus
2440 3585 2610 3639 ultmn
2625 3583 2693 3640 iri
2707 3585 2934 3648 vellent,
2951 3584 3229 3639 inductum
3246 3583 3544 3638 exercitum
3560 3580 3832 3635 Romanum

2260 3679 2353 3750 qui
2403 3679 2686 3750 sexaginta
2717 3678 3030 3736 Iudaeorum
3059 3678 3229 3734 millia
3259 3678 3400 3733 intra
3429 3677 3616 3733 urbem
3640 3671 3828 3730 fuderit.

2915 3791 3146 3850 CAPUT
3190 3792 3308 3848 XX.

2338 3888 2539 3944 Verum
2597 3889 2727 3962 quid
2784 3891 2837 3944 in
2871 3889 3172 3946 levioribus
3204 3904 3412 3955 moror,
3444 3902 3568 3942 cum
3590 3882 3828 3942 excidium

2265 3985 2431 4038 totius
2461 3984 2614 4040 orbis
2645 3985 2697 4038 in
2723 3983 2880 4040 unius
2908 3983 3146 4039 civitatis
3175 3984 3332 4038 ruina
3389 3983 3548 4038 nobis
3572 3980 3832 4051 deploran-

2265 4076 2391 4132 dum
2439 4077 2682 4133 sit?libi
2729 4088 2817 4135 est
2844 4079 3079 4133 maxima
3110 4079 3304 4134 civitas
3353 4075 3724 4134 Hierusalem?
3761 4069 3832 4124 ubi

2266 4170 2462 4226 decora
2485 4170 2664 4226 Sion?
2696 4171 2787 4226 ubi
2819 4172 3080 4242 templum
3112 4170 3410 4226 mirabile?
3440 4171 3529 4227 ubi
3567 4166 3832 4225 secundum

2262 4262 2396 4318 illud
2425 4263 2839 4320 tabernaculum
2871 4266 3178 4321 sanctitatis
3213 4264 3538 4330 sacrarium,
3564 4277 3669 4334 quo
3691 4256 3835 4314 semel

2266 4355 2320 4410 in
2351 4371 2496 4412 anno
2527 4358 2676 4413 solus
2730 4358 2987 4428 princeps
3033 4357 3380 4414 sacerdotum
3421 4355 3628 4411 solebat
3657 4354 3835 4408 intrare

2268 4470 2376 4509 non
2409 4455 2528 4510 sine
2548 4456 3006 4526 sanguine,quem
3031 4469 3132 4526 pro
3158 4469 3217 4510 se
3236 4453 3462 4509 offerret
3483 4462 3538 4509 et
3563 4449 3733 4522 pepuli
3757 4447 3836 4500 de-

551 4541 984 4614 progrediemur,
1009 4552 1067 4597 ut
1095 4558 1200 4598 non
1235 4544 1306 4598 sit
1334 4543 1502 4611 Deus,
1531 4560 1655 4601 cum
1677 4545 1792 4616 ipse
1814 4545 2011 4616 ubique
2040 4547 2114 4601 sit
2139 4546 2162 4599 ?
2187 4580 2242 4641 Β
2267 4546 2441 4602 lieto?
2472 4546 2828 4604 Profanatum
2877 4548 3127 4618 gentibus
3154 4565 3167 4601 :
3221 4545 3466 4602 habitant
3510 4547 3563 4600 in
3621 4539 3838 4611 reliquiis

550 4635 634 4690 An
668 4635 965 4691 mediocria
993 4636 1238 4706 exempla
1273 4645 1427 4703 sunt,
1455 4637 1650 4708 quibus
1681 4637 1996 4704 doceamur,
2011 4637 2154 4708 quod

547 4729 660 4802 jam
687 4731 891 4788 dudum
921 4733 1065 4803 genti
1109 4741 1312 4788 nostra:
1362 4748 1461 4802 pro
1493 4737 1730 4805 peccatis
1762 4736 1964 4792 nostris
1991 4735 2158 4792 infes-

549 4831 640 4879 tus
661 4823 754 4891 sit,
778 4824 869 4894 qui
900 4833 1028 4880 ante
1066 4825 1437 4895 praesidebat?
1465 4825 1596 4893 Quis
1627 4826 1730 4881 hoc
1755 4827 1986 4892 dubitet,
2032 4843 2154 4883 cum

549 4919 913 4991 videat,quod
945 4921 1000 4976 in
1039 4935 1139 4975 nos
1160 4936 1351 4976 manus
1377 4930 1576 4976 nostrae
1591 4937 1871 4978 conversae
1891 4923 2157 4993 sint,piu-

548 5027 748 5085 resque
791 5014 987 5070 seditio
1007 5013 1328 5078 domestica,
1372 5030 1532 5085 quam
1562 5015 1764 5070 bellum
1791 5017 2156 5072 exstinxerit?

1159 5107 1390 5164 CAPUT
1433 5107 1580 5164 XIX.

622 5199 738 5255 Non
764 5199 978 5256 donabo
1018 5199 1278 5255 Romanis
1304 5199 1449 5270 quod
1507 5201 1758 5268 vicerint,
1791 5217 1892 5258 nec
1921 5202 2022 5274 ipsi
2053 5203 2156 5260 sibi

555 5291 660 5348 hoc
681 5292 981 5360 vindicant,
1012 5293 1103 5362 qui
1131 5294 1334 5359 sciunt,
1383 5292 1525 5363 quod
1557 5307 1748 5349 omnes
1791 5293 1906 5350 fere
1953 5298 2159 5350 nostris

552 5387 732 5457 potius
760 5387 947 5454 armis,
979 5402 1140 5457 quam
1173 5386 1366 5442 alienis
1415 5388 1740 5458 perierimus
1771 5407 1784 5444 :
1811 5389 2012 5460 quique
2045 5390 2153 5446 Ro-

552 5493 838 5536 manorum
877 5495 1026 5534 arma
1057 5478 1312 5536 viderunt
1331 5478 1634 5536 Caesaream
1669 5481 2036 5540 inhabitantes
2063 5483 2156 5540 Ju-

625 5608 650 5636 ο
675 5599 822 5655 Edlti
852 5599 1198 5672 fundibulari.
1231 5600 1306 5656 De
1320 5599 1423 5657 hac
1441 5615 1573 5657 vero
1599 5601 1981 5659 emendatione
2005 5603 2156 5659 vide-

551 5668 628 5724 sis
668 5686 790 5741 qua:
837 5668 1236 5728 annotabamus
1277 5673 1528 5741 superius
1556 5672 1622 5728 ad
1655 5683 1818 5744 caput
1853 5675 1924 5730 44
1965 5675 2060 5732 lib.
2098 5689 2148 5730 ν.

624 5808 651 5846 ι’
680 5811 822 5867 Editi
873 5829 1160 5887 perperam
1191 5814 1503 5886 defecerunt.
1534 5746 2147 5876 CmterungAhicAulzeus

2268 4642 2415 4696 urbis
2441 4642 2532 4712 qui
2558 4658 2678 4698 eam
2707 4643 3128 4699 destruxerunt.
3165 4641 3289 4710 Ubi,
3323 4642 3565 4712 inquam,
3619 4654 3696 4702 es,
3723 4635 3840 4690 civi-

2265 4744 2346 4791 tas
2372 4735 2568 4792 referta
2602 4737 2838 4808 populis,
2873 4737 3202 4792 venerabilis
3244 4737 3488 4807 regibus,
3512 4728 3838 4804 acccptabilis

2263 4827 2395 4894 Deo,
2453 4831 2641 4900 gratiae
2697 4831 2900 4886 sedes?
2955 4832 3260 4902 pavimenta
3313 4840 3404 4885 tua
3458 4831 3528 4887 de
3565 4838 3838 4885 marmore.

2265 4923 2504 4992 parietes
2533 4923 2608 4978 tui
2640 4922 2915 4995 fulgentes
2966 4939 3259 4990 marmore,
3314 4923 3550 4980 culmina
3599 4934 3684 4978 tua
3732 4931 3843 4989 prc-

2267 5019 2407 5074 tioso
2458 5018 2818 5089 splendebant
2855 5034 3165 5086 marmore;
3228 5027 3400 5089 portae.
3444 5030 3549 5075 tua:
3597 5018 3844 5074 micantes

2265 5126 2420 5179 auro,
2452 5111 2572 5166 alia;
2622 5121 2850 5182 argento
2889 5113 3209 5168 renitentes.
3243 5111 3449 5168 Omnes
3482 5109 3763 5172 interfecti,
3795 5115 3842 5158 et

2259 5203 2349 5273 qui
2397 5214 2449 5260 te
2476 5205 2680 5273 jugiter
2711 5202 3124 5270 inhabitabant,
3159 5213 3213 5258 et
3258 5204 3350 5274 qui
3399 5204 3466 5259 ad
3499 5213 3552 5260 te
3596 5219 3658 5259 ex
3688 5199 3840 5255 totius

2259 5297 2411 5351 orbis
2428 5307 2696 5351 terrarum
2720 5297 2964 5366 partibus
2987 5297 3402 5364 conveniebant,
3422 5307 3481 5353 ut
3506 5313 3610 5353 non
3633 5294 3836 5351 dubium

2260 5392 2328 5446 sit
2349 5399 2521 5448 totum
2569 5393 2621 5447 in
2653 5400 2707 5447 te
2733 5391 2994 5448 mundum
3055 5393 3308 5464 periisse.
3357 5392 3566 5449 Nudata
3595 5388 3788 5452 omnia,
3808 5397 3836 5436 α

2257 5485 2584 5542 culminibus
2631 5493 2892 5554 cremata,
2939 5501 2969 5541 a
3026 5484 3396 5543 fundamentis
3447 5486 3664 5542 diruta:
3711 5482 3835 5534 iam

2261 5603 2514 5676 superius
2561 5602 2655 5658 lib.
2690 5617 2896 5676 v,7eap.
2949 5603 3043 5671 44,
3088 5605 3188 5661 sub
3234 5605 3427 5676 tinem,
3473 5605 3551 5660 sic
3590 5599 3828 5658 effertur:

2261 5675 2582 5748 tetragonum
2603 5675 2876 5748 circuitum
2908 5677 3085 5745 templi
3116 5679 3370 5748 fecerunt.
3399 5675 3666 5734 GALLAND.

2339 5762 2355 5781 ι·
2397 5746 2451 5801 Μ
2454 5746 2742 5800 orientibus.
2776 5747 2943 5802 ΒΑΜ.

2328 5817 2355 5856 (λ
2387 5818 2679 5890 Iosephus,
2703 5818 2982 5875 octodecim
3008 5817 3192 5876 millia.
3220 5820 3293 5876 In.
