3948 6318
98 353 245 410 2217

778 345 1049 403 HISTOR.
1093 343 1182 398 DE
1224 340 1505 398 EXCIDIO
1545 337 1822 396 lllEROS.
1868 335 2070 393 URBIS
2108 332 2768 394 ANACEPHALIEOSIS.

3274 336 3418 392 ’.218

98 479 182 528 est
204 467 481 526 habitatio
505 475 593 524 tua
613 468 864 535 deserta;
913 482 1015 524 nec
1034 473 1120 522 est
1151 465 1243 538 qui
1272 464 1326 519 in
1356 462 1721 520 tabernaculis

1830 450 1966 522 24),
1997 451 2271 519 oderunt,
2323 451 2571 508 odientes
2626 449 3015 507 cruciﬁxerunt
3045 492 3060 519 ,
3100 459 3155 507 et
3190 451 3417 523 gloriam

98 565 207 619 tuis
254 561 554 628 inhabitet,
585 569 642 616 et
689 559 868 617 adhuc
896 575 1222 633 quemquam
1261 559 1447 614 vivere
1471 557 1624 621 libet,
1654 563 1711 610 ct

99 671 207 712 non
264 655 478 711 vixisse
517 653 789 725 poenitet?
841 652 972 708 Duri
1002 652 1171 717 oculi,
1201 652 1294 724 qui
1350 651 1467 706 haec
1518 648 1709 704 videre

98 758 335 821 possunt
365 767 381 804 :
416 747 652 804 immites
679 747 870 816 animi,
894 748 985 818 qui
1021 746 1164 802 velle
1204 754 1434 817 possunt
1463 753 1521 800 ut
1549 742 1712 799 tantis

101 840 397 912 supersint
425 839 733 908 doloribus,
771 855 880 896 non
909 839 1052 910 quod
1097 838 1360 895 defecerit
1385 837 1590 904 clades,
1615 836 1712 892 sed

103 933 249 1004 quod
275 933 399 1004 jam
427 931 578 988 nulla
618 932 858 1002 requies.
899 932 1019 999 Quo
1070 931 1214 988 enim
1264 930 1716 988 circumferamus

104 1024 322 1092 oculos,
346 1033 446 1080 aut
484 1023 614 1096 quid
664 1023 965 1081 decernere
988 1023 1266 1080 delectet?
1308 1025 1440 1081 urbs
1493 1033 1606 1080 tota
1627 1038 1715 1080 sc-

102 1117 359 1189 pulcrum
393 1125 734 1172 mortuorum
761 1123 848 1172 est
880 1133 893 1170 :
920 1116 1094 1173 solem
1117 1116 1496 1187 spectantibus
1525 1129 1718 1172 occur-

102 1222 230 1270 runt
258 1211 460 1267 favilla}
484 1227 503 1278 ,°
531 1211 634 1268 via:
654 1226 841 1267 vacuae
872 1211 1196 1280 viventium,
1223 1211 1451 1281 repletae
1482 1211 1720 1267 cadave-

105 1307 271 1361 ribus.
303 1305 491 1361 Miseri
543 1304 790 1362 seniores
821 1304 1166 1361 cinerulenta
1215 1305 1436 1370 canitie,
1463 1314 1518 1360 et
1544 1305 1720 1360 scisso

104 1399 303 1455 amictu
355 1414 524 1470 supra
573 1400 830 1472 reliquias
881 1412 1224 1457 mortuorum
1279 1401 1516 1468 sedent,
1576 1401 1718 1457 nuda

107 1499 360 1561 tegentes
385 1506 534 1557 ossa,
557 1491 982 1562 quodefendant
1012 1509 1043 1548 a
1071 1493 1386 1549 volatilibus
1415 1509 1479 1549 ac
1503 1493 1716 1550 bestiis.

105 1583 360 1640 Mulieres
415 1598 602 1655 pauca:
634 1585 964 1654 incolumes,
1012 1601 1152 1658 quas
1196 1587 1356 1643 miles
1405 1585 1605 1656 impius
1653 1587 1721 1642 ad

108 1680 534 1751 turpitudinem,
587 1697 695 1737 non
736 1683 804 1738 ad
834 1683 1000 1738 vitam
1059 1681 1387 1739 servaverit.
1419 1681 1552 1752 Quis
1602 1681 1722 1738 haec

106 1774 298 1830 videns
329 1783 389 1830 et
436 1775 506 1831 de
550 1776 1136 1845 comperendinatione
1165 1775 1390 1832 vivendi
1449 1775 1718 1846 cogitans,

1814 545 2232 600 resurrectionis
2283 559 2550 600 evacuare
2604 543 2777 598 moliti
2826 551 2974 598 sunt.
3033 541 3165 597 Nam
3209 543 3253 598 si
3310 556 3417 597 non

1814 637 2372 708 cognovissent,‘rei
2431 635 2567 691 adeo
2646 650 2988 706 nequaquam
3057 636 3420 691 exstitissent.

1816 731 1970 788 Unde
1999 734 2117 802 ipse
2145 731 2215 787 de
2256 731 2341 788 eis
2373 731 2668 786 Dominus:
2702 729 2764 785 Si
2792 746 2892 785 non
2923 729 3174 784 venissem
3197 769 3213 795 ,
3265 739 3312 783 et
3343 731 3423 783 lo-

1815 837 1964 881 cutus
1999 826 2072 880 eis
2127 826 2362 895 fuissem,
2392 839 2660 896 peccatum
2714 839 2818 878 non
2846 821 3091 877 haberent
3120 837 3140 876 :
3167 839 3302 876 nunc
3327 839 3424 876 att-

1817 926 1919 974 tem
1945 928 1994 973 et
2027 918 2300 984 viderunt,
2357 926 2406 971 et
2455 917 2670 972 oderunt
2701 925 2747 970 et
2788 931 2866 970 me
2915 924 2961 969 et
3012 913 3226 969 Patrem
3250 930 3423 968 meum

1817 1010 2004 1083 (Joan.
2058 1025 2164 1076 xv,
2217 1008 2443 1080 22-24).
2516 1009 2908 1078 Cognoverunt
2961 1006 3224 1078 siquidem
3276 1003 3306 1043 ι’
3358 1021 3423 1060 ex

1819 1104 1982 1161 Patre
2062 1102 2338 1173 quomodo
2426 1110 2481 1157 et
2526 1101 2805 1158 daemones
2852 1101 3097 1156 dicentes
3153 1118 3167 1154 :
3219 1099 3426 1154 Scimus

1821 1196 1960 1269 quod
1990 1196 2059 1251 sis
2091 1193 2266 1249 Filius
2296 1193 2393 1251 Dei
2420 1194 2617 1267 (Marc.
2650 1210 2692 1260 ι,
2720 1196 2790 1251 24
2818 1211 2832 1260 ;
2882 1194 3012 1250 Luc.
3045 1209 3128 1258 tv,
3164 1193 3256 1262 53)
3292 1211 3305 1246 :
3339 1192 3424 1246 vi-

1822 1290 2019 1347 dentes
2049 1289 2356 1357 mirabilia,
2413 1289 2702 1345 audientes
2752 1289 3132 1353 mirabiliora;
3182 1286 3275 1342 sed
3321 1301 3426 1341 non

1823 1391 2200 1454 cognoverunt
2254 1381 2334 1438 rei
2393 1381 2678 1438 veritatem
2715 1399 2730 1436 :
2765 1382 2889 1452 quia
2947 1381 3071 1436 duri
3115 1379 3282 1435 corde
3335 1378 3432 1434 de-

1827 1485 2200 1534 trectaverunt
2233 1476 2483 1532 credere.
2519 1475 2582 1530 Si
2606 1475 2747 1531 enim
2790 1476 3052 1530 credentes
3101 1490 3216 1529 vere
3243 1489 3436 1544 cogno-

1825 1571 2052 1638 vissent,
2099 1587 2384 1642 numquam
2417 1568 2699 1624 Dominum
2742 1567 2928 1639 glorite
2951 1609 2966 1635 ,
3002 1576 3061 1622 ut
3098 1567 3174 1622 ait
3205 1565 3428 1632 Paulus,

1825 1662 2207 1730 cruciﬁxissent
2238 1661 2285 1735 (1
2315 1659 2434 1716 Cor.
2469 1676 2528 1728 tt,
2571 1658 2652 1729 8).
2703 1659 2840 1715 Hinc
2870 1659 3140 1729 Propheta
3173 1677 3185 1711 :
3221 1656 3434 1732 Cagna-

1826 1752 1896 1806 vit
1923 1753 2014 1808 bos
2043 1768 2388 1824 possessorem
2445 1767 2620 1818 suum,
2649 1761 2697 1806 et
2738 1753 2915 1806 asinus
2952 1767 3181 1823 praesepe
3233 1751 3433 1804 domini

109 1867 304 1924 audeat
342 1868 415 1924 ad
437 1869 636 1926 cmlum
669 1870 851 1927 levare
877 1872 1070 1928 oculos
1091 1872 1114 1926 ?
1136 1872 1270 1938 Quis
1313 1871 1394 1926 sic
1435 1871 1721 1928 immemor

1830 1845 1908 1898 sui
1938 1859 1957 1898 :
1985 1842 2158 1900 Israel
2181 1854 2352 1900 autem
2376 1859 2456 1898 me
2479 1860 2584 1897 non
2626 1843 2862 1915 cognovit
2889 1843 2907 1913 (
2934 1841 2966 1896 I
2970 1860 3047 1897 sa.
3081 1859 3128 1910 ι,
3152 1843 3186 1897 5
3214 1841 3254 1913 ).
3287 1841 3428 1910 Quid

111 1963 319 2032 patriae,
345 1962 526 2019 hostis
565 1979 812 2030 suorum,
845 1966 1064 2035 pietatis
1087 1966 1320 2032 alienus,
1349 1980 1547 2038 expers
1594 1965 1716 2020 dul-

110 2057 339 2124 cedinis,
366 2056 526 2127 cujus
554 2065 662 2112 tam
694 2058 941 2114 semiviri
974 2058 1044 2114 sit
1076 2059 1255 2114 mollis
1282 2059 1510 2129 spiritus
1535 2059 1558 2111 7
1585 2058 1718 2127 Quis

112 2149 181 2205 ita
210 2151 596 2219 meticulosus,
620 2167 782 2222 quem
823 2167 931 2207 non
963 2152 1166 2223 pudeat
1203 2151 1289 2206 his
1329 2151 1715 2208 reservatum?

116 2241 326 2299 Utinam
349 2242 578 2316 quidem
601 2244 734 2300 olim
761 2243 963 2300 defecti
993 2259 1262 2312 essemus,
1291 2253 1384 2300 aut
1413 2244 1460 2299 si
1489 2244 1598 2299 vita
1628 2259 1719 2300 su-

113 2346 394 2405 peresset,
446 2337 731 2394 oculorum
795 2337 980 2394 lumen
1031 2338 1289 2409 periisset
1346 2338 1498 2410 prius
1553 2353 1717 2410 quam

120 2437 359 2485 sanctam
388 2429 583 2486 urbem
615 2429 851 2485 dirutam
906 2429 1149 2486 hostium
1199 2429 1452 2485 manibus
1474 2429 1720 2486 intuere-

116 2535 252 2590 mur,
279 2521 655 2593 templumque
683 2522 787 2578 hoc
807 2537 839 2576 a
861 2521 1168 2593 majoribus
1194 2521 1398 2578 nostris
1439 2531 1716 2578 sacratum

119 2613 243 2683 Deo,
269 2626 380 2671 tam
415 2615 584 2687 impie
629 2615 862 2672 ﬂammis
919 2617 1176 2684 cremari,
1210 2625 1304 2672 aut
1327 2615 1640 2674 sacerdotes
1663 2617 1716 2672 in

121 2708 315 2780 templo
338 2708 788 2781 conspiceremus
807 2709 990 2780 jacere
1015 2708 1356 2767 interfectos!

712 2822 944 2881 CAPUT
989 2822 1139 2880 XXI.

188 2915 554 2975 Emendemus
585 2932 737 2989 ergo,
762 2917 907 2988 quod
935 2917 1020 2973 bis
1036 2918 1434 2990 superviximus
1457 2919 1639 2985 malis,
1659 2927 1719 2976 ut

126 3009 397 3069 videamur
442 3028 548 3069 non
578 3013 705 3068 vitae
752 3012 933 3069 studio
979 3013 1260 3070 distulisse
1299 3024 1566 3083 mortem,
1621 3014 1718 3070 sed

127 3103 329 3162 virtutis
355 3106 682 3164 intentione.
709 3104 1147 3163 Circumvallavit
1171 3106 1340 3164 hostis
1357 3122 1518 3163 omne
1544 3108 1721 3162 muni-

131 3207 382 3252 mentum.
435 3197 523 3252 Nil
560 3206 833 3269 superest,
889 3199 992 3254 nisi
1041 3206 1135 3253 aut
1177 3213 1308 3264 nos,
1337 3207 1433 3254 aut
1461 3198 1720 3270 conjuges

133 3298 320 3345 nostra:
367 3308 380 3343 :
417 3289 533 3360 jam
583 3289 687 3346 sibi
725 3289 868 3348 filios
924 3300 1144 3347 nostros
1174 3289 1228 3345 in
1287 3289 1541 3346 auctione
1585 3304 1717 3345 con~

134 3381 368 3453 stituunt,
387 3392 708 3455 certantque
725 3383 958 3451 interse,
991 3383 1112 3454 quis
1141 3383 1300 3454 cujus
1325 3383 1556 3440 abducat
1585 3399 1721 3440 uxo-

136 3489 261 3546 rem,
300 3489 486 3536 utrum
517 3495 615 3550 pro
662 3481 986 3552 dignitatum
1035 3481 1248 3538 meritis
1299 3496 1723 3551 personarumve

138 3569 403 3628 ordinibus
437 3572 828 3629 distribuendae
860 3573 990 3642 sint,
1045 3584 1140 3629 aut
1180 3583 1207 3612 α
1248 3575 1490 3630 sortibus
1535 3576 1723 3631 subire

140 3663 352 3732 cogendi
372 3663 748 3732 miserabiles;
771 3665 929 3722 nobis
952 3681 1167 3738 quoque
1194 3677 1451 3738 parantur
1481 3667 1725 3740 prodigia

141 3763 433 3825 prunarum,
469 3765 738 3814 tormenta
775 3759 1198 3829 exquisitissima
1231 3777 1246 3816 :
1278 3775 1385 3816 non
1433 3760 1609 3816 solum
1640 3775 1727 3815 ar-

142 3844 316 3906 dentes
346 3851 605 3918 ﬂammae,
633 3859 728 3906 aut
750 3851 986 3908 diversze
1016 3867 1178 3908 neces
1219 3852 1456 3909 victricis
1500 3852 1612 3908 ictu
1641 3867 1728 3909 se-

145 3940 312 3996 curis:
337 3943 478 4000 duro
499 3943 715 4016 quidem
739 3953 863 4014 post
886 3945 1120 4012 vincula,
1137 3953 1259 4015 post
1284 3959 1581 4011 carcerem,
1606 3955 1729 4015 post

145 4025 317 4100 iugum
345 4037 639 4107 supplicio,
683 4037 778 4092 sed
807 4037 1180 4093 tolerabiliore
1210 4037 1343 4092 viris
1363 4078 1377 4103 ,
1406 4037 1453 4092 si
1493 4036 1728 4092 ludibrio
1750 4029 1767 4051 ⁸

148 4134 320 4194 vacet;
350 4130 450 4188 sed
475 4131 637 4187 etiam
666 4131 836 4187 avulsi
863 4139 1014 4186 artus
1070 4131 1405 4198 viventibus,
1432 4140 1488 4187 et
1538 4131 1730 4202 praeci-

149 4227 242 4282 pue
271 4228 537 4279 truncata:
566 4238 778 4279 manus.
804 4223 916 4280 Nec
941 4224 1216 4280 immerito
1239 4263 1256 4291 ,
1284 4225 1408 4294 quia
1437 4223 1732 4280 defuerunt

151 4319 240 4362 suo
267 4314 501 4383 muneri,
533 4329 659 4371 cum
709 4326 933 4386 possent
962 4317 1065 4374 sibi
1096 4316 1407 4372 subvenire.
1452 4317 1731 4373 Subeundi

153 4415 346 4477 quoque
377 4425 594 4467 morsus
642 4411 879 4467 ferarum
927 4411 994 4466 ad
1034 4412 1300 4468 victorum
1336 4410 1728 4482 spectaculum,

153 4501 279 4566 Quod
329 4504 564 4562 diversis
607 4505 719 4576 jam
768 4506 1076 4562 celebratur
1124 4505 1306 4562 arenis
1351 4505 1564 4561 urbium
1599 4522 1612 4558 :
1644 4503 1733 4560 vel

154 4596 388 4664 exemplo
431 4597 588 4654 nobis
619 4597 781 4654 debet
821 4612 947 4654 esse
977 4596 1286 4668 pudendum
1307 4639 1322 4664 ,
1356 4596 1442 4654 vel
1485 4597 1602 4652 visu
1633 4594 1735 4650 mi-

157 4683 332 4753 rabile,
358 4699 418 4746 ut
475 4706 822 4748 reservemur
845 4732 862 4759 ,
913 4658 1008 4747 au-t
1058 4689 1250 4748 bestiis
1274 4732 1290 4758 ,
1346 4697 1441 4746 aut
1474 4688 1736 4746 fratribus
1761 4658 1817 4720 D

157 4783 458 4846 Drmliaturi.

703 4883 932 4942 CAPUT
989 4882 1155 4940 XXII.

223 4971 286 5028 Et
341 4978 394 5034 id
447 4994 618 5051 genus
669 4978 775 5035 alia
827 4979 992 5034 multa
1041 4977 1335 5034 Eleazarus
1391 4977 1449 5034 in
1501 4977 1739 5036 medium

164 5066 461 5129 Proferebat
502 5073 823 5130 diffidentizn
873 5085 930 5130 et
985 5073 1387 5144 desperationis
1436 5073 1618 5143 plena.
1660 5071 1741 5128 Ex

164 5159 346 5223 quibus
407 5166 692 5232 omnibus,
739 5173 795 5221 et
855 5165 990 5236 ipsis
1043 5181 1228 5221 rerum
1285 5163 1572 5221 eventibus
1629 5180 1746 5218 cum

167 5245 321 5310 Judaei
345 5256 448 5315 sibi
478 5259 764 5316 manifeste
794 5258 994 5314 iratum
1022 5257 1192 5313 Deum
1219 5258 1576 5329 cognovissent
1601 5275 1620 5326 ;
1642 5275 1746 5312 non

167 5339 286 5399 sicut
323 5347 490 5405 Deum
519 5353 938 5423 gloriﬁcauerunt
985 5362 1074 5407 aut
1112 5352 1308 5424 gratias
1361 5361 1612 5423 egerunt,
1657 5354 1747 5408 sed

169 5446 467 5498 evanuerunt
493 5446 546 5499 in
589 5444 986 5518 cogitationibus
1036 5445 1188 5513 suis;
1235 5453 1283 5498 et
1311 5445 1642 5500 obscuratum
1675 5455 1749 5501 est

1823 1951 1923 2008 per
1943 1939 2161 2004 bovem,
2202 1937 2304 1993 nisi
2346 1936 2671 2007 praedicator
2700 1944 2921 1992 sanctus
2969 1936 3198 2006 quisque
3224 1933 3429 1990 intelli-

1820 2030 2004 2099 gitur,
2063 2030 2116 2085 in
2147 2030 2355 2086 semine
2383 2029 2534 2084 verbi
2587 2029 2682 2084 Dei
2746 2027 3092 2083 illaborans?
3140 2027 3280 2095 Quid
3335 2041 3431 2095 per

1823 2120 2060 2188 asinum,
2116 2122 2222 2178 nisi
2277 2121 2471 2177 brutus
2520 2121 2761 2192 gentium
2807 2121 3040 2190 populus
3072 2117 3432 2189 designatur?

1821 2214 1914 2284 qui
1948 2215 2182 2271 audiens
2212 2214 2447 2286 pastoris
2473 2212 2766 2283 cujuslibet
2811 2211 3278 2282 praedicationem,
3310 2224 3434 2266 mox

1822 2305 1890 2362 ad
1920 2321 2163 2377 praesepe
2217 2305 2434 2363 Domini
2477 2305 2738 2372 cucurrit,
2796 2313 2853 2358 ut
2884 2303 3084 2374 pabulo
3124 2303 3275 2360 verbi
3323 2301 3423 2358 Dei

1824 2399 2154 2458 adhaereret.

2399 2489 2630 2547 CAPUT
2656 2489 2848 2547 XXIII.

1897 2585 2047 2642 Bene
2070 2592 2253 2640 autem
2283 2592 2406 2654 post
2427 2583 2785 2654 quadraginta
2812 2590 2867 2638 et
2914 2582 3052 2638 duos
3099 2582 3432 2639 visitationis

1821 2690 1938 2733 suae
1984 2690 2157 2732 annos
2193 2673 2364 2730 Israel
2408 2689 2436 2727 a
2471 2680 2620 2729 terra
2664 2671 3044 2744 promissionis
3093 2675 3426 2730 extermina-

1824 2769 2102 2840 tur,'quia
2137 2776 2259 2838 post
2306 2765 2663 2839 quadraginta
2693 2767 3020 2837 egressionis
3068 2767 3137 2823 ab
3190 2767 3428 2839 Egypto

1823 2874 2036 2928 annos,
2083 2860 2139 2914 in
2186 2875 2306 2916 eam
2363 2858 2704 2915 introductus
2748 2859 3096 2929 perhibetur;
3131 2860 3185 2915 in
3239 2861 3435 2930 quibus

1822 2956 1958 3012 duas
1990 2954 2256 3024 jdecalogi
2302 2952 2543 3024 lapideas
2588 2952 2828 3009 secundo
2879 2956 3122 3024 suscepit
3168 2954 3378 3010 tabulas
3405 2995 3422 3021 ,

1820 3063 1917 3120 per
1944 3061 2080 3119 quas
2120 3046 2482 3117 perliguratur
2511 3045 2810 3113 biennium,
2862 3046 2930 3101 ad
2959 3046 3296 3104 adversionis
3325 3064 3427 3102 nu-

1819 3155 2032 3196 merum
2081 3139 2450 3205 destinatum;
2508 3139 2560 3194 in
2584 3140 2778 3210 quibus
2824 3141 2988 3196 etiam
3039 3140 3274 3196 maxime
3331 3157 3432 3196 no-

1747 3261 1794 3326 C
1827 3233 1990 3288 tanda
2020 3241 2106 3289 est
2152 3231 2292 3288 aenei
2319 3233 2593 3303 serpentis
2643 3232 2922 3298 exaltatio,
2972 3233 3126 3303 cujus
3180 3242 3434 3303 respectu

1827 3327 2060 3398 quisque
2091 3325 2446 3382 moribundus
2489 3328 2616 3380 vita:
2645 3325 3057 3415 restituebatur.
3107 3325 3262 3382 Sicut
3288 3327 3436 3382 enim

1828 3417 1924 3473 illo
1964 3416 2225 3488 temporis
2278 3417 2453 3488 spatio
2500 3426 2556 3473 et
2592 3431 2789 3472 manna
2817 3419 2955 3488 pasti
3005 3425 3172 3485 sunt,
3229 3427 3285 3474 et
3327 3434 3426 3489 per

1827 3510 2186 3567 mediatorem
2229 3510 2416 3565 Mosen
2469 3509 2642 3581 legem
2691 3509 2888 3565 tabulis
2936 3508 3263 3580 descriptam
3294 3511 3431 3580 lapi-

1827 3603 1947 3660 deis
1992 3611 2344 3674 acceperunt,
2391 3611 2447 3658 et
2476 3602 2569 3673 qui
2615 3603 2668 3656 in
2707 3601 2939 3658 articulo
2977 3602 3170 3658 mortis
3213 3619 3440 3672 serpen-

1828 3703 1938 3752 tem
1961 3710 2069 3749 non
2102 3701 2460 3766 respexerunt
2484 3692 2802 3758 exaltatum,
2837 3693 3151 3761 perierunt:
3185 3691 3265 3747 sic
3292 3693 3436 3748 intra

1831 3787 1937 3843 hoc
1966 3787 2270 3842 eversionis
2295 3793 2507 3854 tempus
2536 3799 2725 3838 verum
2776 3797 2974 3838 manna
3005 3782 3174 3854 (unde
3221 3783 3432 3840 dictum

1829 3879 2010 3937 fuerat
2047 3879 2234 3950 (Joan.
2285 3893 2374 3943 γι,
2407 3878 2500 3947 51)
2528 3896 2541 3932 :
2573 3875 2684 3947 Ego
2713 3893 2830 3930 sum
2878 3878 3028 3947 panis
3055 3878 3224 3944 vivus,
3248 3878 3338 3946 qui
3377 3879 3442 3933 de

1832 3973 1958 4028 creto
1985 4014 2000 4039 ,
2029 3971 2173 4041 etc.)
2197 3969 2417 4024 haurire
2451 3967 2745 4024 salubriter
2783 3977 3097 4037 renuentes,
3139 3984 3439 4040 verumque

1833 4065 2190 4123 mediatorem
2237 4062 2519 4119 Christum
2571 4061 2760 4118 Jesum
2786 4101 2802 4127 ,
2851 4063 2920 4118 de
2957 4079 3066 4134 quo
3102 4064 3439 4134 praecineba-

1833 4168 1923 4215 tur
1951 4177 1964 4212 :
1992 4157 2314 4227 Prophetam
2350 4157 2491 4211 vobis
2533 4155 2807 4211 suscitabit
2855 4154 3112 4212 Dominus
3162 4157 3308 4214 Deus
3357 4175 3440 4214 ve-

1834 4259 1940 4306 ster
1968 4249 2034 4304 de
2059 4248 2307 4319 fratribus
2335 4247 2552 4311 uestris;
2584 4251 2860 4318 tamquam
2885 4264 2965 4301 me
2990 4248 3165 4316 ipsum
3195 4249 3442 4315 audietis,

1833 4357 1984 4413 quem
2022 4341 2064 4394 si
2089 4341 2204 4410 quis
2231 4355 2334 4394 non
2374 4339 2638 4406 audierit,
2688 4340 3114 4394 exterminabitur
3157 4342 3220 4395 de
3247 4345 3443 4411 populo

1835 4450 1932 4489 suo
1963 4431 2140 4506 (Deut.
2173 4446 2335 4496 xvut,
2367 4430 2558 4501 15-18)
2593 4448 2608 4485 :
2640 4430 2866 4501 ejusque
2895 4430 3086 4500 legalia
3114 4432 3165 4486 in
3219 4448 3279 4489 se
3323 4435 3442 4506 ipso

1837 4543 1968 4584 vera
2012 4536 2168 4599 petra
2199 4524 2472 4596 descripta
2519 4521 2677 4594 sequi
2729 4522 3170 4592 dissimulantes,
3224 4527 3443 4582 exalta-

1841 4630 1954 4677 tum
1999 4622 2053 4676 in
2079 4611 2275 4685 criice,
2333 4626 2388 4672 et
2417 4631 2446 4671 a
2501 4615 2733 4672 mortuis
2772 4615 3112 4680 surrexisse,
3162 4616 3265 4672 sub
3307 4621 3443 4675 arti-

1841 4715 1969 4773 culo
2020 4713 2342 4770 miserrimae
2381 4709 2685 4768 eversionis
2730 4709 2957 4766 credere
3001 4721 3324 4780 respuentes
3358 4755 3372 4779 ,
3415 4731 3447 4770 a

1844 4819 1992 4865 terra
2039 4803 2425 4877 promissionis
2469 4801 2859 4867 exterminati,
2915 4801 3194 4871 perierunt
3226 4819 3239 4855 :
3269 4811 3326 4858 ut
3354 4821 3447 4874 po-

1845 4901 2002 4973 pulus
2050 4898 2142 4954 ille
2188 4898 2279 4969 qui
2307 4895 2515 4952 sedebat
2540 4895 2594 4949 in
2632 4894 2856 4949 tenebris
2887 4904 2934 4948 et
2963 4894 3228 4948 habitabat
3270 4896 3325 4949 in
3368 4913 3450 4952 re-

1848 4993 2002 5065 gione
2025 4989 2224 5045 umbra:
2279 4987 2456 5042 mortis
2491 4985 2642 5056 (Esa.
2696 4983 2902 5054 tx,2),
2960 4983 3135 5039 lucem
3185 4994 3458 5058 mternam.

1845 5084 2037 5141 videns
2075 5079 2518 5143 resurrectionis,
2549 5077 2602 5132 in
2654 5090 2774 5131 eam
2821 5089 2946 5128 cum
2994 5075 3330 5144 plenitudine
3356 5093 3453 5134 sua

1847 5177 2116 5240 introeat;
2155 5181 2211 5230 et
2238 5174 2315 5229 sic
2338 5170 2571 5242 reliquiae
2597 5165 2771 5222 Israel
2807 5166 2966 5220 salute
2996 5167 3125 5237 fiant
3157 5168 3334 5240 (Rom.
3363 5188 3443 5240 ιι,

1847 5271 1887 5326 2
1908 5269 1950 5342 ),
2001 5275 2270 5340 quatenus
2296 5282 2363 5324 ex
2394 5264 2606 5322 duobus
2643 5260 2964 5332 parietibus,
2994 5276 3100 5316 una
3131 5274 3452 5320 conseratur

1850 5361 1909 5418 in
1934 5362 2332 5418 resurrectione
2382 5356 2631 5414 Ecclesia
2669 5369 2835 5425 super
2887 5353 3043 5408 illum
3076 5354 3309 5424 lapidem
3355 5371 3452 5412 an-

1853 5455 2101 5526 gularem
2158 5451 2246 5522 qui
2288 5450 2444 5522 faciet
2497 5458 2714 5519 utraque
2754 5462 2916 5500 unum
2968 5443 3190 5516 (Ephes.
3222 5461 3296 5512 tt,
3334 5445 3454 5518 14),

171 5519 402 5594 i"simul:
445 5553 535 5592 cor
573 5552 748 5590 eam»:
791 5536 981 5608 (Rom.
1017 5554 1065 5604 ι,
1094 5535 1236 5607 21);
1295 5545 1350 5592 et
1389 5551 1512 5591 cum
1556 5537 1645 5607 qui
1683 5537 1753 5590 ad
1854 5519 2145 5600 Dominum
2169 5519 2415 5596 nostrum
2445 5537 2723 5594 Christum
2755 5535 2970 5606 Iesum,
3005 5537 3097 5609 qui
3129 5536 3260 5592 vivit
3289 5546 3346 5592 et
3368 5553 3458 5594 rc-

175 5629 278 5677 oaes
307 5635 505 5686 tantum
534 5631 718 5687 domus
740 5629 910 5686 Israel
937 5631 1170 5701 perditas
1196 5638 1401 5685 venerat
1431 5628 1624 5700 (Matii.
1655 5644 1744 5700 xv,

239 5767 263 5796 "
308 5763 531 5840 Sortitus
567 5767 890 5825 restituebat
927 5767 1209 5824 Barrensis
1231 5767 1505 5840 superius,
1554 5767 1623 5825 ad
1651 5769 1748 5826 lib.

238 5842 296 5900 ν,
323 5849 440 5910 cap.
479 5838 578 5909 55,
615 5842 766 5898 circa
792 5841 889 5895 11η.
918 5841 1201 5900 Cauno.

679 5935 958 5997 Panos.
1002 5933 1147 5995 XV.

1857 5645 1986 5708 gnat
2005 5633 2060 5690 in
2087 5631 2290 5690 saecula
2335 5631 2682 5688 saeculorum.
2707 5630 2904 5686 Amen.

1935 5769 1965 5809 δ
2014 5765 2322 5841 Legendum
2353 5764 2540 5821 forsan
2567 5781 2634 5821 ex
2680 5774 2846 5837 parte.
2873 5765 3045 5822 BARI.

2903 5929 2982 5989 33
