3878 6388
1648 441 2032 502 pnas-emo.
3364 459 3430 512 14

268 533 446 650 Stupent
467 551 599 594 sane
622 531 893 650 ii-q‘fgs
922 544 1039 605 ad
1068 561 1508 621 consortium
1532 562 1627 622 tui
1646 582 1889 623 evocare
1911 566 2209 641 dignaris,
2238 564 2653 629 litteratorum
2669 573 2961 650 princeps
2979 570 3426 645 amabilissime,

187 639 233 705 ί]
252 640 451 699 rediisse
475 641 717 745 pit-lant.
752 631 907 697 illa
960 652 1314 728 tempora
1358 662 1583 739 quibus
1615 665 1774 724 inter
1802 666 2118 742 principes
2148 668 2317 726 viros
2347 667 2413 727 in
2444 669 2609 727 omni
2637 685 2848 745 genere
2874 672 3159 732 micabas.
3212 669 3431 734 Omnia

142 744 353 836 qui-PP!
379 741 434 800 ίη
453 749 506 799 ιε
526 734 841 817 ﬂoridam
882 746 1243 815 redolent
1269 734 1550 830 (etatem,-
1581 763 1736 824 bona
1757 734 2060 836 valetudo,
2094 784 2321 827 summa
2349 769 2575 845 gratia,
2610 734 2817 829 tantus
2847 770 2950 830 ille
2980 774 3045 831 in
3053 773 3321 852 jocando
3349 773 3431 833 lc-

132 863 292 940 pos,
313 844 381 904 sie
405 850 777 946 temperatus
808 852 1154 946 utAnihil
1169 861 1375 936 jocus
1403 859 1476 923 de
1500 860 1801 941 gravitate
1831 864 2133 946 decerpat.
2162 870 2285 944 Qui
2307 844 2365 932 te
2386 868 2564 931 talem
2581 873 2808 946 vident,
2841 874 2909 934 id
2924 892 2985 932 se
3008 844 3205 937 oculis
3226 874 3429 938 obser-

131 937 300 1021 bare
319 951 508 1022 putant
539 937 709 1021 quod
739 943 1066 1019 Quidam
1109 970 1145 1015 e
1175 937 1684 1023 veteribusvdirrit
1711 982 1724 1019 :
1998 937 2022 946 ’
2178 937 2204 944 ’
2794 937 2825 983 ἰ

1131 1119 1181 1171 Α
1206 1121 1377 1176 certis
1412 1123 1567 1177 annis
1595 1138 1767 1178 aevum
1796 1138 2038 1179 remeare
2066 1135 2339 1194 peractum

223 1290 378 1365 Qui:
404 1289 598 1366 igitur
626 1287 934 1370 Origeni
975 1299 1336 1377 fortunam
1363 1320 1486 1361 non
1511 1303 1862 1380 gratuletur
1892 1322 2085 1390 suam,
2116 1308 2223 1383 qui
2252 1309 2316 1366 in
2340 1309 2859 1384 prastantis‘sima'
2882 1287 3149 1391 Operum
3178 1328 3431 1377 suorum

112 1400 332 1492 parte
344 1408 492 1466 pene
504 1391 858 1455 redivivus
891 1404 1306 1477 conspectui
1331 1404 1579 1463 sistitur
1602 1416 1708 1465 tuo
1724 1408 1752 1464 ?
1772 1425 1841 1465 ac
1865 1407 1971 1485 qui
2000 1407 2167 1483 inter
2183 1410 2293 1468 avi
2314 1410 2414 1469 sui
2443 1399 2830 1472 Christianos
2855 1413 3115 1491 palmam
3132 1418 3430 1478 eruditio—

116 1508 255 1578 πίε
289 1493 529 1569 tulerat,
551 1498 697 1577 jam
733 1506 825 1569 te,
867 1501 1275 1563 litterarum
1315 1505 1513 1579 decus,
1566 1517 1899 1583 patronum
1941 1509 2150 1583 ambit,
2192 1520 2260 1570 ut
2293 1513 2589 1588 auspiciis
2618 1515 2742 1573 tuis
2783 1532 2858 1573 ex
2888 1512 3149 1577 tenebris
3183 1518 3293 1579 ubi
3320 1519 3429 1579 diu

125 1606 416 1675 latuerat
443 1598 743 1672 eductus,
782 1602 878 1663 ad
908 1607 1334 1666 eruditorum
1366 1607 1565 1668 orbem
1582 1608 1794 1689 faciles
1830 1612 2037 1671 aditus
2065 1612 2354 1688 reperiat,
2388 1624 2588 1674 cert-us
2609 1614 2955 1692 patrocinii
2974 1619 3070 1679 tui
3086 1622 3350 1697 pignore
3370 1640 3433 1682 se

133 1720 211 1777 5,;
272 1696 611 1775 pristinam
660 1718 809 1760 non
839 1721 1283 1769 reversurum
1310 1702 1650 1786 caliginem.
1689 1710 1872 1769 Hunc
1912 1704 2015 1769 ille
2029 1712 2160 1788 jam
2190 1705 2467 1772 laborum
2492 1716 2766 1792 fructum
2804 1725 3134 1792 exspectat.
3166 1717 3430 1791 Quantis

144 1802 325 1872 enim
350 1799 699 1861 sudoribus
728 1804 1216 1884 Hexaplorum
1244 1819 1297 1869 et
1330 1810 1726 1888 Octaplorum
1767 1826 1920 1887 opus
1947 1811 2197 1872 molitus
2224 1815 2329 1887 sit,
2362 1817 2532 1876 testis
2556 1814 2649 1875 vel
2676 1818 2872 1894 ipsius
2896 1820 3097 1894 operis
3127 1819 3425 1891 conditio,

152 1902 344 1973 testis
367 1915 417 1961 et
439 1904 938 1983 Hieronymus,
966 1911 1088 1988 qui
1104 1909 1424 1989 Origenem
1451 1918 1789 1991 χαλκᾶντιρον
1810 1912 2101 1990 appellat,
2135 1918 2278 1994 quia
2295 1916 2525 1977 scilicet
2553 1920 2788 1979 viscera
2826 1923 3007 1998 quasi
3036 1940 3199 1980 (enea
3228 1923 3300 1983 ob
3330 1940 3432 1982 asa

160 2004 534 2070 siduitatem
567 2007 923 2070 scribendi
950 2011 1185 2072 habere
1210 2014 1553 2091 putabatur
1580 2031 1595 2071 :
1624 2017 1691 2074 in
1720 2017 1896 2094 cujus
1942 2015 2301 2094 colligendis
2330 2019 2609 2098 reliquiis
2641 2021 2830 2081 multo
2856 2021 3062 2083 labore
3087 2024 3432 2086 diuturnis-

168 2126 297 2189 que
318 2107 562 2184 vigiliis
593 2113 1048 2187 exercitatus,
1085 2133 1247 2192 pene
1276 2119 1479 2196 factus
1506 2136 1636 2176 sum
1666 2127 1721 2178 et
1752 2118 1881 2193 ipse
1903 2123 2241 2199 χαλκέντερος·
2281 2139 2300 2178 :
2335 2124 2692 2201 fortunatus
2730 2136 2927 2183 tamen
2966 2127 3024 2185 si
3061 2128 3236 2187 hasce
3269 2147 3429 2188 meas

173 2210 662 2271 lucubrationes
687 2213 960 2275 lubenti
989 2218 1199 2278 animo
1230 2221 1568 2297 acceperis;
1596 2221 2000 2297 fortunatior,
2021 2223 2077 2281 si
2100 2223 2180 2284 ad
2199 2222 2583 2297 diuturnum,
2607 2233 2677 2284 ut
2706 2242 2904 2302 spero,
2929 2235 3180 2304 tempus,
3212 2240 3429 2306 patro-s

173 2311 357 2372 cinia
386 2322 496 2372 tuo
523 2315 629 2374 uti
663 2332 973 2394 pergam.

1560 2605 1651 2668 Fr.
1689 2612 2009 2685 ABERNABDUS
2049 2632 2115 2670 ne
2154 2606 2529 2685 Mournu‘con,

1366 2674 1661 2737 Monachus
1685 2683 2060 2742 Benedictinus
2087 2701 2117 2741 e
2162 2674 2570 2760 congregatione
2596 2688 2778 2746 Sancti
2809 2692 2999 2747 Mauri.

1027 2918 3341 2950 W

1419 2980 2271 3217 Pfi/EFATIO.

1787 3364 1857 3386 ..δ’

251 3494 431 3560 Inter
449 3503 835 3574 prastantiora
861 3496 1122 3570 Origenis
1146 3512 1308 3568 opera
1340 3498 1634 3573 principem
1662 3498 1902 3552 obtinere
1918 3496 2095 3551 locum
2124 3488 2362 3567 Hexapla
2378 3492 2487 3564 illa,
2516 3505 2666 3553 tanto
2685 3499 2865 3555 labore
2889 3502 3175 3574 studioque
3204 3506 3425 3560 concin-I

161 3603 366 3662 nata,
401 3598 642 3651 fatentur
664 3595 869 3650 eruditi
904 3596 1115 3663 quique
1148 3599 1259 3645 tum
1289 3600 1514 3654 veteres,
1539 3600 1652 3644 tum
1686 3592 2026 3644 recentiores.
2066 3589 2199 3643 Cum
2226 3591 2366 3643 enim
2396 3590 2599 3643 homini
2627 3590 2930 3647 Christiano
2958 3595 3092 3648 nihil
3119 3596 3187 3650 ad
3219 3607 3421 3652 rectam

158 3688 377 3744 ﬁdem
399 3690 743 3745 statuendam
772 3701 1077 3757 moresque
1112 3685 1484 3739 intormandos
1519 3684 1871 3753 opportunius
1902 3683 1973 3737 sit
1991 3683 2286 3737 divinarum
2315 3683 2712 3753 Scripturarum
2754 3686 3120 3758 intelligentia,
3143 3691 3261 3759 ejus
3293 3708 3425 3748 sane

162 3782 303 3835 uti]
315 3786 438 3840 itali
451 3793 581 3841 tunc
594 3786 798 3855 optime
812 3783 1132 3839 consultum
1148 3788 1365 3850 putatur
1384 3794 1504 3833 cum
1518 3779 1787 3848 quidpiam
1807 3778 1860 3831 in
1887 3779 2061 3832 lucem
2078 3779 2253 3832 editur
2263 3779 2328 3833 ad
2342 3780 2623 3833 reseranda
2645 3778 2931 3849 Scriptura.-
2946 3798 3141 3840 arcana
3153 3794 3208 3840 et
3219 3786 3287 3838 ad
3302 3788 3350 3854 ej
3359 3804 3424 3842 us

159 3872 441 3929 intimos
463 3891 658 3930 sensus
681 3873 1058 3945 explorandos
1084 3870 1567 3926 accommodatum.
1590 3867 1728 3934 Quid
1764 3882 1942 3921 autem
1973 3882 2038 3922 eo
2071 3869 2125 3921 in
2163 3882 2354 3937 genere
2379 3870 2713 3936 accuratius,
2746 3873 2873 3940 quid
2908 3877 2973 3927 ad
3003 3873 3292 3943 Scriptura:
3337 3892 3425 3929 sa-a

154 3978 327 4017 cra:
357 3978 579 4023 mentem
601 3969 958 4039 aperiendam
989 3965 1330 4020 commodius
1350 3963 1548 4017 eximio
1573 3962 1663 4016 illo
1686 3960 2038 4029 Hexaplorum
2056 3970 2108 4014 et
2126 3959 2460 4028 Oetaplorum
2474 3964 2669 4031 opere?
2692 3963 2764 4016 lbi
2785 3978 3014 4031 namque
3034 4003 3047 4029 ,
3074 3978 3264 4037 praiter
3278 3967 3421 4023 LXX

152 4054 580 4129 Interpretari!
611 4062 935 4123 editionem,
971 4066 1083 4112 tres
1130 4057 1251 4110 alia:
1292 4053 1775 4123 interpretationes,
1818 4067 1848 4105 a
1885 4051 2055 4106 doctis
2086 4051 2215 4106 viris
2248 4051 2457 4120 Aquila,
2500 4050 2819 4122 Symmacho
2844 4063 2897 4109 et
2924 4054 3281 4115 Theodotione
3305 4062 3423 4115 cla-4

148 4148 447 4218 hor-ate,
483 4155 536 4207 in
581 4155 843 4207 omnibus
893 4149 1175 4205 Hebraicae
1224 4144 1512 4218 Scriptura:
1542 4146 1692 4200 libris
1725 4146 2136 4214 comparebant;
2176 4145 2227 4198 in
2261 4144 2412 4199 libris
2454 4146 2615 4199 etiam
2646 4162 2751 4200 non
2785 4150 2969 4215 paucis
3007 4151 3168 4205 trium
3200 4154 3423 4223 insuper

148 4236 457 4296 aliorum
485 4243 841 4312 interpretum
868 4252 1269 4310 anonymorum
1298 4237 1558 4290 editiones
1586 4249 1615 4288 e
1642 4234 1856 4303 regione
1881 4233 2100 4287 aderant
2141 4247 2248 4285 uno
2281 4232 2380 4286 sub
2423 4243 2639 4302 aspectu
2665 4235 2848 4303 positae
2873 4253 2889 4303 ;
2910 4236 2983 4290 ita
3005 4247 3063 4291 ut
3087 4254 3269 4294 earum
3298 4257 3421 4296 om-

146 4332 384 4389 nium
411 4338 647 4404 lectione,
694 4346 749 4390 et
790 4344 988 4389 mutuo
1018 4332 1162 4386 facta
1201 4329 1620 4400 comparatione,
1652 4328 1697 4381 si
1741 4342 1846 4396 qua
1876 4319 2103 4381 obscura
2133 4332 2185 4379 et
2213 4324 2449 4380 dil‘licilia
2482 4339 2856 4391 occurrerent,
2892 4330 3047 4397 longe
3081 4330 3290 4387 facilius
3317 4335 3412 4387 tali

146 4422 471 4481 subsidio
500 4428 943 4496 explanarentur.
972 4421 1112 4474 Hinc
1138 4419 1337 4474 factum
1368 4429 1449 4472 est
1475 4428 1531 4470 ut
1556 4417 1723 4470 sancti
1765 4414 1968 4479 Patres,
1996 4429 2059 4468 ac
2099 4427 2302 4470 veteres
2335 4414 2622 4481 scriptores
2654 4415 2998 4470 ecclesiastici
3024 4433 3159 4486 pene
3192 4435 3377 4475 omnes
3402 4452 3420 4485 ι

148 4514 379 4581 iique
403 4519 626 4572 maxime
650 4517 745 4586 qui
782 4514 962 4570 ductis
991 4514 1047 4566 in
1084 4525 1294 4566 sacram
1330 4510 1658 4576 Scripturam
1693 4506 2094 4560 commentariis
2123 4507 2382 4568 claruere,
2420 4502 2775 4571 Hexaplorum
2803 4503 3049 4575 Origenis
3090 4523 3245 4562 usum
3286 4524 3422 4577 prae-

145 4612 585 4681 stantiamque
611 4611 821 4682 passim
853 4606 1256 4662 commendent.
1287 4603 1546 4657 Eusebius
1577 4612 1785 4669 nempe,
1810 4600 2104 4665 Diodorus,
2147 4599 2584 4671 Chrysostomus,
2613 4599 3002 4668 Theodoretus,
3032 4601 3321 4672 Procopius
3367 4614 3421 4656 et

145 4698 271 4751 alii
353 4720 366 4766 ;
394 4702 628 4771 interque
655 4700 889 4754 Latinos
912 4696 1301 4764 Hieronymus,
1330 4693 1419 4761 qui
1449 4707 1551 4745 non
1582 4692 1636 4745 in
1665 4690 2074 4745 Commentariis
2106 4689 2264 4743 modo
2294 4690 2405 4743 suis
2446 4704 2544 4758 ope
2584 4691 2793 4744 illorum
2817 4702 3066 4760 perpetuo
3096 4694 3285 4758 utitur,
3323 4693 3415 4746 sed

142 4789 404 4844 etiam
424 4793 476 4845 in
507 4790 818 4847 adornanda
842 4787 1046 4842 eximia
1072 4786 1162 4838 illa
1189 4783 1418 4838 editione
1447 4782 1655 4846 Latina,
1688 4796 1847 4852 quam
1880 4781 2039 4835 hodie
2079 4780 2353 4851 Valgatam
2382 4782 2706 4850 appellamus
2724 4822 2740 4846 ,
2789 4781 3216 4853 frequentissime
3244 4785 3416 4855 Aquiu

149 4880 360 4935 lall-
388 4883 464 4936 vel
484 4882 889 4953 Symmachum,
916 4879 1103 4933 rarius
1132 4874 1551 4929 Theodotionem
1578 4875 1775 4929 aliasve
1797 4873 2054 4929 editiones
2084 4876 2341 4944 sequitur.

258 4967 381 5025 Si
404 4975 517 5043 quid
552 4990 789 5044 unquam
813 4969 1235 5027 immortalitate
1271 4964 1485 5034 dignum
1513 4967 1764 5021 emissum
1794 4967 1847 5020 in
1883 4967 2055 5021 lucem
2092 4966 2285 5034 fuerit,
2310 4970 2355 5021 si
2379 4982 2483 5038 qua
2521 4968 2817 5025 lucubratio
2842 4984 2871 5021 a
2896 4978 3192 5038 temporum
3218 4973 3414 5042 injuria

144 5062 493 5119 vin-dicari
514 5067 786 5129 meruerit,
816 5066 934 5119 haec
969 5075 1108 5117 sane
1147 5066 1270 5112 erat
1301 5065 1380 5111 tot
1412 5065 1559 5125 parta
1598 5058 1808 5128 vigiliis,
1838 5059 2129 5124 laboribus,
2159 5060 2475 5138 sumptibus.
2517 5062 2604 5125 At,
2633 5060 2763 5128 proh
2793 5058 2975 5114 dolori
3011 5075 3040 5114 a
3063 5062 3273 5116 saeculis
3294 5063 3417 5130 plus

145 5164 414 5224 quam
437 5170 540 5214 octo
568 5160 798 5230 ingentis
828 5157 993 5212 molis
1021 5165 1168 5222 opus
1193 5152 1269 5204 ita
1302 5150 1469 5217 periit,
1500 5158 1641 5204 utne
1665 5152 1920 5219 particula
1948 5152 2162 5221 quidem
2192 5151 2328 5219 ejus,
2363 5162 2421 5206 ut
2455 5153 2626 5207 fuerat
2658 5152 2723 5205 ab
2746 5150 2974 5220 Origene
2995 5154 3369 5207 concinnatum
3394 5194 3409 5217 ,

182 5244 297 5299 ad
373 5260 609 5320 nasusque
634 5251 936 5315 devenerit,
960 5261 1067 5300 nec
1091 5257 1225 5311 spes
1253 5241 1489 5294 videatur
1516 5257 1633 5297 esse
1656 5245 1923 5312 quidpiam
1950 5260 2183 5312 unquam
2204 5259 2553 5307 emersurum,
2581 5259 2688 5312 quo
2707 5252 2851 5298 tanta
2874 5245 3080 5313 jactura
3110 5248 3409 5309 sarciatur.;

214 5349 269 5389 ε
312 5340 526 5403 tempore
571 5352 746 5396 autem
794 5336 991 5393 amissi
1025 5330 1221 5400 operis
1271 5328 1469 5396 aliquot
1497 5330 1742 5385 efﬂuxere
1779 5333 2000 5396 saecula,
2034 5333 2343 5402 ignorantia:
2368 5333 2598 5385 tenebris
2630 5332 2763 5386 adeo
2800 5333 3010 5396 obruta,
3039 5341 3097 5385 ut
3116 5349 3183 5385 ne
3218 5347 3413 5386 sensus

212 5423 452 5496 quidem
482 5435 737 5504 importati
764 5429 962 5487 damni
1013 5436 1190 5495 penes
1233 5421 1469 5475 homines
1497 5423 1677 5487 etiam,
1715 5432 1773 5477 ut
1823 5426 1913 5480 illa
1945 5435 2121 5491 aetate,
2155 5427 2342 5481 doctos
2371 5440 2486 5479 esse
2523 5425 2806 5481 videretur.
2840 5429 2907 5481 At
2947 5438 3062 5495 post
3087 5432 3406 5525 restaurata,

206 5520 485 5591 pI’OIimis
518 5529 743 5593 saeculis,
776 5527 1097 5580 litterarum
1131 5515 1502 5580 bonarumque
1530 5516 1717 5569 artium
1744 5520 1918 5573 studia
1941 5561 1956 5586 ,
1982 5521 2074 5573 ubi
2101 5528 2338 5573 veterum
2372 5516 2586 5585 scripta,
2613 5535 2731 5588 quae
2748 5521 2837 5573 diu
2864 5519 3141 5588 jacuerant
3164 5515 3407 5569 interitui

200 5607 482 5675 Proxima.
510 5632 541 5669 e
579 5619 685 5671 situ
727 5609 1011 5669 vindicari
1062 5610 1121 5657 et
1174 5602 1235 5654 in
1283 5601 1540 5667 publicum
1587 5606 1751 5659 emitti
1780 5619 2089 5677 coeperunt,
2126 5625 2231 5664 non
2260 5606 2471 5662 deluere
2495 5607 2594 5660 viri
2623 5610 2715 5678 qui
2737 5610 2802 5664 de
2832 5607 3192 5664 restaurandis
3226 5603 3405 5696 sinon

198 5677 491 5772 ﬁdem,"
524 5706 894 5775 θεεαριοηιπτ
943 5697 1151 5751 saltem
1194 5689 1427 5754 laciniis,
1451 5693 1729 5761 cogitarent

1879 5701 1906 5754 ιὶ
1933 5714 2056 5755 vero
2081 5701 2281 5769 primus
2312 5697 2387 5750 rei
2427 5712 2641 5767 manum
2670 5700 2903 5753 admovit
2925 5696 3214 5750 Flaminius
3240 5686 3410 5775 Nom-

185 5786 362 5843 lius,
385 5791 429 5853 in
446 5771 623 5855 Βίωίίε
649 5771 860 5853 drmcis
888 5789 1092 5843 Romae
1116 5778 1275 5835 cusis
1302 5793 1440 5835 anno
1467 5782 1615 5852 l587,
1646 5788 1849 5845 multas
1877 5792 2078 5862 Aquilae
2095 5832 2111 5859 ,
2144 5787 2467 5860 Symmachi,
2489 5796 2541 5840 et
2567 5786 2947 5843 Theodotionis
2967 5785 3287 5842 aliorquue
3314 5771 3403 5827 ina
