3878 6358
240 424 270 478 ¹²
1648 461 2020 516 Pharum.
3346 465 3424 517 is.

220 523 340 622 %sii
360 561 478 652 notis
501 570 585 652 eas
610 552 963 652 deuenimus
997 569 1070 614 et
1108 572 1557 640 exscripsimus,
1587 590 1704 643 qua
1734 577 1971 630 utiliores
2004 590 2120 629 esse
2149 575 2478 628 videbantur.
2509 572 2654 630 Licet
2678 578 2819 631 enim
2848 579 2935 633 ille
2959 578 3156 633 strenui
3179 580 3410 646 scripto-

168 655 245 724 ll's
288 667 442 709 munus
465 645 781 742 imP‘e'em:
811 657 1291 715 grammaticis
1318 671 1502 718 tamen
1531 664 1990 730 adnotationibus,
2025 679 2120 733 pro
2143 678 2286 717 more
2311 677 2410 718 suo
2429 703 2445 728 ,
2480 663 2654 717 omnia
2677 666 2741 718 ad
2771 683 3018 721 nauseam
3045 683 3211 734 usque
3239 645 3416 736 reple-

146 759 272 815 νει,
303 746 359 798 ita
400 749 452 792 ut
491 752 571 791 res
623 740 878 786 omnino
923 740 1134 799 tritas
1161 755 1228 802 et
1264 751 1474 820 cuique
1516 753 1722 823 pervias
1767 754 1963 821 passim
2001 753 2182 806 aﬂerat
2213 767 2407 822 :quam
2437 765 2546 804 rem
2570 751 2669 820 ipsi
2694 768 2825 816 ,nec
2851 755 2963 808 sine
2993 755 3248 820 ludibrio,
3283 755 3417 808 vitio

137 836 387 906 vertebat
402 828 655 898 Iosephus
686 824 1013 895 Scaliger.
1182 846 1194 852 -

227 925 514 984 Ειιίιίωιιιῐιι
542 916 832 980 ordinem.
864 935 1082 987 quem
1108 925 1394 999 Origenes
1415 931 1728 996 instituerat,
1759 933 2071 986 servandum
2104 931 2226 985 duxi
2247 970 2262 992 ,
2292 932 2361 984 ita
2397 939 2454 983 ut
2483 930 2652 998 primo
2677 931 2878 984 locetur
2901 930 3186 986 Hebraicus
3211 941 3412 998 textus,

123 1021 354 1095 deinde
379 1015 571 1086 Aquila,
617 1019 750 1080 post
815 1009 1289 1089 Symmachus,
1324 1035 1515 1094 quarto
1545 1026 1660 1080 loco
1689 1025 1846 1089 LXX,
1877 1034 2142 1094 postremo
2185 1023 2476 1078 Theodotio
2507 1041 2520 1075 :
2558 1031 2714 1090 atque
2754 1023 2838 1075 ubi
2867 1032 2972 1076 tres
3002 1024 3117 1076 aliae
3153 1023 3413 1078 editiones

116 1120 374 1202 quinta,
400 1119 535 1165 sexta
555 1116 610 1162 et
638 1105 908 1175 septima
937 1111 1283 1184 habentur,
1321 1119 1424 1172 illa:
1447 1119 1745 1174 novissime
1772 1120 2007 1172 omnium
2041 1125 2321 1185 ponantur.
2349 1114 2572 1172 Hebraei.
2597 1115 2914 1168 Satuaritani
2933 1153 2947 1176 ,
2978 1122 3030 1167 et
3059 1113 3177 1183 Syri
3203 1115 3414 1169 Graecas

117 1205 638 1284 interpretationes,
661 1216 796 1271 qum
834 1218 1298 1278 nonnunquam
1332 1223 1636 1275 occurrunt,
1667 1225 1870 1278 semper
1896 1219 2012 1278 post
2040 1209 2352 1262 Hebraicum
2379 1219 2574 1260 textum
2604 1214 2656 1258 et
2683 1216 2804 1259 ante
2829 1206 2961 1260 alias
2984 1205 3239 1260 editiones
3258 1207 3407 1261 Gras-

121 1317 275 1372 cas
303 1298 539 1350 locamus.
576 1293 890 1348 Hebraicae
915 1295 1226 1354 lectiones
1261 1301 1376 1354 sine
1400 1302 1606 1370 punctis
1633 1300 2058 1368 motionibusque
2097 1299 2453 1352 Massoreticis
2488 1297 2574 1351 hic
2617 1311 2821 1363 semper
2853 1298 3196 1351 scribuntur:
3228 1310 3324 1349 nec
3349 1295 3416 1347 li-

121 1405 356 1467 berum
383 1388 481 1442 fuit
507 1402 673 1442 secus
700 1402 914 1456 agere,
946 1391 1103 1458 quia
1140 1403 1285 1447 notas.
1312 1395 1411 1448 illa:
1436 1393 1784 1448 Massoreticze
1811 1393 2098 1460 saepissime
2119 1392 2182 1445 ad
2211 1393 2371 1444 alium
2404 1405 2618 1445 sensum
2644 1390 3017 1456 determinaut,
3041 1391 3414 1459 diversumque

118 1497 226 1559 ab
263 1495 500 1549 coquem
531 1480 611 1533 illi
629 1479 822 1534 secuti
858 1492 1043 1536 sunt.
1068 1483 1354 1538 Liueolam
1373 1495 1543 1537 tamen
1559 1483 1802 1550 Maccaph
1826 1483 2116 1544 dictam,ut
2139 1482 2189 1534 in
2220 1482 2569 1536 Massoreticis
2590 1483 2734 1535 libris
2754 1491 3056 1549 usurpatur,
3089 1483 3412 1536 retinendam

125 1573 324 1648 duxi.
351 1571 474 1640 quia
507 1570 634 1638 ejus
665 1569 946 1638 aliquam
978 1575 1267 1628 rationem
1299 1574 1548 1650 habuisse
1568 1573 1809 1626 videntur
1844 1583 2046 1627 veteres
2068 1573 2174 1637 illi,
2212 1580 2270 1625 ut
2299 1587 2363 1626 ex
2400 1572 2571 1625 verbis
2598 1570 2868 1626 Hebraicis
2897 1571 3074 1626 Graece
3100 1573 3410 1642 descriptis,

134 1678 301 1748 qua:
330 1670 648 1729 supersunt,
678 1661 995 1730 liquidum
1023 1665 1272 1720 videtur.

237 1752 500 1810 ﬂebraici
535 1760 731 1806 textus
761 1751 1052 1806 Latinam
1087 1753 1579 1821 interpretationem
1601 1751 1841 1806 dedimus
1862 1790 1876 1815 ,
1905 1753 2113 1821 qualem
2161 1752 2352 1807 dedere
2386 1751 2572 1806 Santes
2605 1751 2872 1822 Pagninus
2905 1754 2983 1807 vel
3026 1752 3179 1808 Arias
3208 1752 3414 1829 Monta-

155 1861 333 1910 nus:
369 1858 492 1894 nam
524 1842 882 1896 alterutrum
933 1843 1062 1897 fere
1120 1844 1428 1912 sequimur;
1461 1843 1530 1896 ita
1561 1852 1732 1895 tamen
1767 1851 1823 1896 ut
1850 1844 2069 1910 quando
2097 1845 2168 1896 illi
2193 1845 2355 1898 nimio
2393 1845 2640 1912 scrupulo
2687 1845 3142 1912 interpretationes
3187 1845 3413 1898 eiicrunt

163 1935 472 2000 barbaras,
525 1944 581 1989 et
605 1950 739 2003 quae
773 1937 879 1988 vix
915 1936 1337 2005 intelligantur,
1370 1934 1500 1986 alias
1540 1933 1920 1987 substituamus
1956 1935 2168 2001 paulum
2199 1935 2546 2004 elegantiores
2565 1943 2616 1987 et
2648 1934 2918 1988 clariores.
2949 1933 3046 1987 Vix
3083 1937 3222 1986 enim
3259 1949 3412 2003 aequo

174 2029 379 2087 animo
407 2026 574 2088 feras,
601 2026 857 2094 exempli
899 2042 1104 2087 causa,
1135 2041 1248 2090 eos,
1287 2025 1374 2078 ubi
1407 2033 1484 2108 Ἶκ
1515 2038 1610 2091 pro
1629 2025 1709 2075 ira
1746 2022 2018 2087 accipitur,
2045 2024 2183 2092 quod
2200 2024 2392 2092 passim
2418 2025 2691 2093 contingit,
2723 2041 2901 2077 nasum
2922 2033 3141 2084 vertere.
3161 2033 3412 2077 etnasum

183 2122 323 2181 Dei,
343 2135 436 2187 pro
466 2119 553 2170 ira
590 2116 687 2170 Dei
727 2117 960 2184 ubique
988 2115 1354 2184 interpretari,
1383 2122 1441 2167 ut
1469 2122 1653 2168 caetera
1680 2122 1879 2167 taceam
1905 2112 2224 2181 κακοζηλίας
2255 2115 2511 2181 exempla.
2542 2113 2767 2168 Nomina
2798 2130 2920 2167 vero
2952 2117 3159 2182 propria
3186 2131 3290 2166 non
3327 2130 3414 2169 se-

186 2209 439 2266 cundum
464 2207 903 2262 Massoreticam
929 2205 1246 2266 lectionem,
1274 2204 1365 2257 sed
1396 2212 1451 2256 ut
1475 2213 1676 2257 veteres
1703 2203 1971 2272 legebant,
2007 2211 2064 2256 ut
2096 2201 2379 2270 plurimum
2413 2204 2792 2272 exprimimus;
2823 2205 2866 2257 si
2895 2219 3047 2258 secus
3072 2204 3308 2270 accidat,
3329 2205 3411 2258 vel

189 2303 414 2354 incuria
444 2300 526 2354 vel
556 2302 720 2368 lapsu
750 2299 1236 2367 typOgraphorum
1264 2295 1477 2348 accidit.

265 2389 586 2444 Asteriscos
615 2400 668 2444 et
726 2391 940 2442 obelos
982 2387 1337 2456 apposuimus
1357 2425 1372 2449 ,
1406 2387 1709 2455 ubicunque
1757 2387 1809 2439 in
1843 2387 2212 2454 manuscriptis
2256 2387 2592 2441 notabantur.
2621 2387 2850 2442 Caeteros
2875 2398 3069 2449 autem,
3097 2390 3185 2458 qui
3211 2388 3408 2458 passim

183 2481 642 2536 occurrebautin
675 2479 960 2546 Hexaplis
993 2476 1354 2546 Origenianis,
1376 2491 1618 2544 quosque
1638 2475 1748 2543 jam
1775 2477 2049 2528 restituere
2067 2475 2433 2530 difficillimum
2461 2486 2616 2539 esset,
2637 2493 2739 2529 nou
2765 2478 3143 2546 perquirendos
3171 2495 3288 2534 esse
3311 2497 3410 2548 pu-

186 2583 292 2626 tas
306 2574 468 2628 imus.
496 2571 658 2637 Nam,
693 2581 758 2624 ut
783 2570 978 2624 fusius
1001 2570 1054 2621 in
1083 2569 1531 2622 Prarliminaribus
1560 2568 1780 2632 dicetur,
1811 2569 2182 2622 asteriscorum
2214 2568 2440 2622 maxima
2467 2586 2586 2636 pars
2609 2570 2765 2637 hujus
2794 2571 3000 2638 generis
3031 2581 3199 2636 erant,
3231 2583 3288 2626 ut
3317 2589 3412 2642 pa-

187 2679 347 2718 rum
380 2665 499 2717 inde
532 2665 673 2717 lucis
715 2663 790 2715 ad
838 2661 1152 2713 litterarum
1185 2657 1558 2711 Hebraicarum
1595 2657 1988 2726 intelligentiam
2029 2653 2318 2712 accederet.
2355 2658 2623 2726 Siquidem
2652 2668 2797 2712 tanto
2833 2661 3081 2727 scrupulo
3108 2659 3316 2712 fuerant
3341 2662 3410 2714 ab

185 2755 454 2825 Origene
503 2757 684 2825 positi,
741 2764 810 2808 ut
861 2752 951 2806 vel
1003 2765 1165 2819 quam
1196 2749 1442 2803 minimas
1464 2749 1746 2817 particulas
1780 2749 2223 2817 Hebraismosque
2250 2766 2454 2812 omnes,
2483 2752 2572 2818 qui
2603 2751 2784 2805 Greca
2821 2751 2995 2820 lingua
3028 2769 3131 2804 non
3163 2761 3415 2820 poterant

188 2851 490 2906 concinne
545 2845 852 2910 enuntiari,
905 2844 1112 2912 quique
1146 2843 1275 2894 nihil
1307 2843 1372 2895 ad
1418 2857 1630 2896 sensum
1679 2840 1973 2907 faciebant,
2004 2843 2301 2911 importuna
2336 2844 2581 2913 ἀκριϐείᾳ
2614 2853 2871 2898 notarent.
2912 2844 3060 2898 Tunc
3082 2861 3206 2899 vero
3239 2848 3412 2900 solum

187 2941 467 2995 asterisci
488 2951 540 2994 et
565 2955 626 2994 ea
660 2955 792 3007 quae
819 2936 1106 2991 asteriscis
1129 2935 1500 2988 indicabantur
1532 2935 1675 2987 utilia
1695 2945 1862 2999 erant,
1894 2951 2012 2989 cum
2038 2936 2301 2990 clausulas
2323 2947 2414 2990 aut
2444 2937 2598 2990 verba
2631 2952 2659 2989 a
2688 2936 2823 2989 LXX
2862 2937 3237 3006 lnterpretibus
3276 2955 3414 3008 pra:-

195 3035 473 3089 termissa
506 3035 850 3088 exhibebant
882 3050 896 3085 :
937 3031 1104 3098 hujus
1131 3039 1307 3082 autem
1343 3029 1548 3097 generis
1577 3009 1858 3083 asteriscos
1886 3044 2095 3083 summo
2143 3031 2318 3084 studio
2351 3031 2759 3098 perquisivimus
2779 3071 2794 3095 ,
2823 3033 2914 3100 qui
2948 3033 2991 3086 si
3019 3048 3138 3084 cum
3170 3034 3290 3087 aliis
3321 3050 3412 3088 su-

193 3127 570 3191 pervacaneis
605 3133 1035 3194 comparentur.
1087 3121 1397 3190 paucissimi
1443 3131 1584 3174 sunt.
1615 3120 1758 3175 Obeli
1798 3131 1993 3185 autem,
2040 3138 2100 3176 ea
2130 3138 2247 3191 quae
2274 3123 2325 3175 in
2356 3122 2490 3174 LXX
2521 3123 2909 3192 lnterpretibus-
2926 3125 3288 3180 redundabant
3320 3129 3414 3182 ad-

193 3229 490 3281 notantes,
545 3219 915 3287 asscqueudaa
978 3214 1384 3283 Scripturarum
1435 3215 1616 3279 menti,
1671 3224 1728 3268 ut
1779 3215 2064 3283 plurimum
2093 3216 2312 3277 saltem,
2342 3231 2526 3283 parum
2559 3217 2940 3272 conducebant.
2974 3219 3328 3282 Quamobrem
3361 3222 3413 3275 id

184 3315 455 3366 maxime
474 3313 819 3377 curavimus,
843 3319 1096 3378 utquam
1130 3308 1386 3376 plurimas
1406 3322 1680 3376 possemus
1703 3318 1938 3361 veterum
1966 3309 2306 3376 interpretum
2337 3309 2585 3362 lectiones
2607 3311 2846 3364 studioso
2868 3311 3046 3364 lectori
3079 3313 3410 3369 offert-emus.

285 3404 478 3459 Sicubi
517 3422 686 3474 porro
719 3402 1042 3472 hujusmodi
1079 3401 1335 3455 lectiones
1363 3399 1546 3453 Latine
1573 3408 1775 3453 tantum
1807 3401 1884 3454 vel
1911 3401 1978 3454 ab
2006 3399 2323 3469 Hieronymo
2350 3402 2428 3453 vel
2452 3402 2518 3454 ab
2548 3403 2810 3471 Hesychio
2833 3402 3145 3469 alferuntur,
3173 3419 3236 3458 ex
3268 3403 3414 3458 Lati-

179 3495 318 3552 nis
344 3499 526 3554 Greca
554 3499 735 3552 facere
758 3499 882 3552 sine
915 3494 1156 3562 alicujus
1180 3509 1280 3547 ms.
1312 3493 1624 3547 auctoritate
1656 3502 1922 3547 tentavere
1959 3493 2170 3562 quidam
2208 3493 2534 3562 :Grzecaque
2580 3494 2884 3562 hujusmodi
2914 3494 3228 3564 fragmenta,
3259 3500 3414 3567 quasi

181 3604 542 3657 germanum
573 3591 805 3660 Aquilae,
872 3587 1212 3658 Symmachi,
1265 3584 1639 3640 Theodotionis
1683 3595 1738 3640 et
1785 3587 2006 3640 aliorum
2037 3595 2234 3640 textum
2256 3627 2271 3651 ,
2305 3588 2358 3640 in
2393 3588 2562 3641 lucem
2596 3589 2906 3643 emiserunt.
2940 3589 3010 3644 Ex
3049 3593 3243 3661 talique
3278 3609 3413 3647 ausu

185 3680 545 3751 plerumque
577 3683 779 3737 accidit
807 3691 870 3735 ut
906 3683 1071 3748 longe
1100 3677 1367 3746 disparata
1392 3692 1488 3746 pro
1517 3679 1654 3732 veris
1683 3679 2089 3745 substituantur,
2119 3680 2256 3748 quod
2283 3681 2574 3748 szepissime
2601 3681 2800 3748 experti
2831 3697 3038 3746 sumus,
3065 3699 3183 3739 cum
3209 3696 3413 3754 reperta

191 3785 362 3825 vera
389 3776 631 3837 lectione,
658 3774 806 3827 illius
829 3773 951 3826 sine
983 3771 1301 3824 auctoritate
1323 3768 1522 3822 codicis
1553 3767 1778 3836 alicujus
1805 3769 2106 3822 substituta:
2135 3769 2326 3820 νωθεία
2355 3772 2642 3838 conspicua
2667 3771 2783 3823 fuit.
2809 3771 2914 3825 Nec
2940 3773 3178 3841 improbo
3210 3783 3410 3839 tamen,

186 3869 452 3930 quando
480 3869 821 3936 exploratum
862 3874 950 3917 est
983 3879 1053 3916 ex
1083 3862 1279 3931 quibus
1304 3860 1502 3915 Graecis
1534 3861 1707 3914 verbis
1740 3859 1922 3912 Latina
1952 3864 2251 3925 manarint,
2283 3862 2326 3915 si
2363 3872 2488 3914 tunc
2516 3863 2627 3929 ipsa
2651 3863 2830 3917 Graeca
2876 3865 3033 3918 verba
3067 3867 3364 3921 iudicentur
3394 3886 3410 3922 :

181 3956 457 4022 ωηενιί
483 3970 664 4017 causa,
702 3955 748 4008 si
778 3953 909 4022 quis
932 3961 1175 4005 veterum
1226 3950 1427 4003 diceret
1469 3949 1671 4016 Aquilae
1701 3948 1975 4022 lectionem
2023 3951 2100 4003 sic
2129 3950 2340 4013 habere,
2379 3960 2425 4001 et
2455 3952 2508 4002 in
2535 3953 2736 4002 nomine
2755 3952 2866 4017 ejus
2901 3963 3069 4019 gentes
3097 3956 3411 4021 sperabunt,

181 4033 264 4092 ιιι
279 4059 369 4099 nc
392 4019 502 4100 sine
530 4047 772 4114 periculo
796 4019 926 4097 vdici
959 4051 1142 4110 posset
1169 4041 1350 4095 Graeca
1385 4040 1466 4094 sic
1498 4039 1712 4092 habuiss

1879 4019 1972 4091 {sv
1999 4039 2073 4109 τῷ
2093 4041 2307 4109 ὀνόματι
2337 4040 2495 4092 αὑτοῦ
2525 4039 2589 4091 τὰ
2617 4040 2739 4108 ἔθνη
2762 4041 3017 4093 simam.
3050 4043 3116 4096 At
3143 4045 3230 4097 illo
3250 4045 3410 4097 etiam

177 4144 372 4190 casu
400 4121 696 4191 monendus
729 4145 879 4190 esset
912 4136 1086 4188 lector
1107 4133 1291 4186 Graeca
1313 4147 1376 4185 ex
1403 4131 1606 4186 Latinis
1637 4130 1776 4185 facta
1816 4131 1997 4196 fuisse,
2027 4133 2168 4201 quod
2197 4133 2354 4186 etiam
2385 4147 2590 4186 summa
2625 4133 2876 4201 religione
2901 4136 3242 4202 praestitimus
3270 4155 3282 4189 :
3312 4137 3411 4190 hu-

174 4223 572 4294 jusmodique
591 4227 711 4279 loca
739 4239 960 4292 semper
984 4222 1198 4276 uncinis
1221 4220 1558 4285 inclusimus,
1606 4235 1726 4274 cum
1755 4223 1834 4273 vel
1857 4236 1921 4274 ex
1951 4220 2155 4275 Latinis
2194 4219 2330 4274 facta
2351 4259 2365 4284 ,
2395 4222 2473 4274 vel
2502 4221 2714 4276 aliunde
2739 4223 2900 4277 dubia
2929 4224 3082 4278 nobis
3109 4241 3228 4280 esse
3262 4227 3409 4281 vide-

177 4314 452 4374 bantur.

350 4405 632 4462 Honendus
684 4415 770 4460 est
830 4405 1100 4458 candidus
1144 4403 1330 4468 lector,
1377 4410 1436 4455 ut
1473 4417 1592 4479 cum
1637 4402 1752 4457 loca
1812 4403 2050 4470 quaedam
2086 4405 2136 4455 in
2172 4403 2527 4457 Pentateucho
2559 4405 2835 4459 consulere
2867 4405 3119 4470 voluerit,
3152 4420 3255 4460 non
3291 4422 3408 4461 eam

175 4501 420 4563 modo,
441 4517 554 4569 qua:
580 4502 632 4553 in
665 4499 937 4568 principio
962 4499 1143 4564 posita
1181 4504 1282 4559 est,
1335 4495 1686 4561 llexaplorum
1715 4496 2102 4557 collectionem,
2139 4496 2230 4548 sed
2280 4497 2439 4548 etiam
2480 4496 2831 4565 Appendicem
2867 4513 3074 4566 semper
3103 4501 3259 4553 adeat
3291 4518 3304 4552 :
3339 4501 3409 4552 ibi

175 4603 280 4640 na
309 4609 470 4661 mque
493 4594 719 4662 plurima
772 4591 1010 4659 reperiet
1037 4589 1280 4642 nondum
1327 4587 1603 4640 observata
1639 4589 1789 4642 nobis
1821 4603 1942 4641 cum
1972 4588 2384 4641 Pentateuchum
2427 4589 2723 4653 ederemus,
2749 4591 3032 4658 aliquando
3065 4592 3224 4644 etiam
3260 4577 3411 4658 plura

173 4695 284 4746 qu
305 4699 401 4736 am
427 4701 476 4736 tn
507 4685 771 4752 principio
799 4696 1186 4752 posueramus.
1219 4679 1493 4734 Lectiones
1541 4681 1610 4733 ibi
1648 4683 1843 4744 multae,
1877 4683 2039 4750 ignoti
2073 4691 2225 4734 antea
2260 4682 2591 4749 interpretis,
2629 4698 2728 4736 suo
2772 4685 2977 4737 auctori
3019 4685 3409 4749 restituuntur;

173 4770 365 4826 alia
389 4791 533 4830 secus
565 4778 750 4844 posita:
777 4775 1163 4828 emendantur.
1191 4771 1339 4824 Hanc
1359 4781 1532 4826 autem
1567 4774 1899 4828 Collectiouis
1934 4783 2127 4828 nostrae
2152 4785 2356 4843 partem
2384 4775 2500 4828 ideo
2527 4775 2579 4827 in
2611 4777 2741 4840 line,
2766 4776 3086 4844 Appendicis
3119 4791 3268 4828 more
3288 4815 3301 4838 ,
3330 4776 3409 4829 lo-

171 4869 496 4928 ca‘vimus,
519 4871 641 4938 quia
670 4869 738 4923 ad
773 4868 1168 4922 bibliothecam
1198 4864 1594 4930 Coisliuianam,
1625 4882 1686 4920 ex
1719 4867 1868 4935 cujus
1897 4869 2074 4922 codice
2103 4867 2389 4936 perinsigni
2415 4869 2666 4922 lectiones
2704 4869 2818 4922 illas
2843 4869 3162 4935 posteriores
3185 4867 3410 4920 mutuati

173 4973 268 5014 su
289 4977 449 5025 Inus,
476 4965 668 5016 aditum
700 4965 994 5032 impetrare
1028 4958 1373 5026 nequivimus
1391 4959 1484 5027 (α),
1512 4961 1675 5014 donec
1702 4963 1753 5013 in
1776 4961 1889 5028 ejus
1911 4961 2300 5029 possessionem
2325 4962 2527 5014 veniret
2553 4962 2942 5014 illustrissimus
2969 4959 3114 5012 Dom.
3150 4959 3409 5014 Henricus

175 5049 461 5110 Carolus
485 5057 550 5109 du
577 5057 844 5110 Cambout
867 5056 935 5109 de
957 5053 1198 5111 Coisliu,
1234 5051 1339 5103 dux
1368 5061 1418 5104 et
1460 5068 1555 5120 par
1580 5054 1815 5108 Francia:
1835 5095 1848 5118 ,
1871 5057 2154 5123 episcopus
2183 5053 2452 5119 Metcnsis,
2489 5055 2827 5108 Coisliuiana:
2859 5054 3073 5107 familia:
3101 5055 3282 5116 decus,
3317 5055 3408 5121 qui

177 5148 536 5210 pr-oinnata
568 5149 945 5203 beneficientia
979 5145 1208 5198 codices
1256 5144 1406 5196 nobis
1456 5147 1520 5198 ad
1573 5157 1757 5200 nutum
1809 5147 2182 5216 suppeditavit.
2210 5147 2328 5201 Hth
2361 5163 2521 5214 porro
2563 5147 2877 5199 bibliotheca
2920 5149 3406 5215 manuscriptorum

205 5230 531 5291 Graecorum
560 5240 707 5308 copia
742 5241 958 5308 paucis,
988 5233 1314 5304 prce-stantia
1333 5249 1456 5287 vero
1483 5245 1534 5288 et
1559 5239 1870 5306 antiquitate
1895 5239 2022 5292 nulli
2053 5240 2312 5292 concedit.
2348 5238 2545 5292 Horum
2582 5239 2879 5307 catalogum
2923 5240 3250 5307 peramplum
3287 5252 3406 5306 pre-

237 5324 490 5398 ὶῖοδὶείιυε
507 5333 772 5387 anecdotis
804 5333 949 5384 bene
973 5326 1171 5381 multis
1197 5325 1506 5379 instructum
1544 5331 1641 5383 sub
1675 5332 1788 5399 ejus
1821 5334 2073 5400 auspiciis
2110 5348 2376 5401 paramus,
2406 5333 2704 5399 propediem
2733 5331 2784 5384 in
2815 5332 2982 5385 lucem
3017 5331 3300 5383 edendum.

344 5415 467 5480 Solita
497 5443 609 5497 erga
643 5443 744 5483 nos
769 5423 1128 5480 humanitate
1158 5431 1370 5484 semper
1404 5435 1528 5473 usus
1559 5431 1639 5476 est
1663 5423 2055 5481 illustrissimus
2091 5427 2252 5480 abbas
2280 5427 2344 5480 de
2373 5423 2621 5487 Louvois,
2645 5424 2982 5478 Bibliotheca:
3017 5423 3192 5491 Regia:
3219 5417 3409 5488 [ιι-τετε-

230 5516 380 5576 ειυδν
401 5522 482 5589 qni
507 5539 594 5590 P70
622 5531 751 5576 νοιο
776 5518 945 5574 n0bis
970 5512 1163 5579 regios
1203 5509 1410 5562 codices
1430 5512 1644 5580 obtulit,
1673 5532 1902 5584 quorum
1935 5536 2086 5574 usum
2124 5519 2341 5587 singula:
2379 5516 2542 5568 ferme
2583 5517 2740 5586 hujus
2784 5519 2957 5584 operis
2988 5519 3189 5582 paginae
3214 5507 3404 5562 testiﬁ-

222 5611 427 5668 camur.
460 5614 655 5670 Ofﬁciis
689 5617 820 5667 item
854 5610 978 5664 suis
1002 5619 1112 5658 nos
1145 5602 1392 5654 certatim
1422 5611 1679 5670 prosecuti
1709 5624 1836 5666 sunt
1861 5654 1874 5677 ,
1901 5614 1962 5668 V.
1988 5615 2067 5669 Cl.
2095 5613 2341 5668 Nicolaus
2369 5608 2636 5674 Clemens,
2682 5612 2746 5665 de
2766 5612 2919 5679 cujus
2941 5609 3085 5662 obitu
3116 5602 3400 5657 admodum

312 5687 363 5797 ξς)
379 5705 616 5798 Lectione?
639 5694 1180 5798 εοόῖείεβίῖξξηίὲξςξν
1207 5694 1402 5798 Ὶζλδξλξί
1421 5702 1675 5766 θρέεηᾱὶεε
1700 5707 1977 5768 conjecerat
1999 5705 2413 5761 Montefalconius,
2455 5703 2511 5750 ad
2535 5707 2794 5767 capitulum
2835 5701 3222 5761 unumquodque.
3263 5702 3404 5748 θυδυε

348 5793 356 5798 .
384 5780 572 5798 Inc-mn
608 5783 658 5798 ac
680 5775 905 5798 nan‘lm
948 5796 955 5798 _
986 5797 992 5798 ,
1166 5785 1177 5797 ο
1409 5789 1419 5798 ο

215 5758 356 5814 ⁵⁰¹³ίι
383 5755 659 5818 revocandas
680 5765 993 5816 curavilnus.
1027 5755 1177 5804 Ενιτ.
1216 5755 1419 5799 Pauor.
1450 5755 1461 5815 ξ
