3878 6378
597 413 668 473 to
1912 407 2411 463 PBAELlMINARlA
3434 476 3441 483 .
3645 422 3710 476 eo

599 530 887 592 doluimus,
913 536 964 581 et
991 526 1381 580 eruditissimus
1428 525 1660 580 Joannes
1687 525 1981 591 Boivinius,
2033 528 2324 581 litterarum
2363 525 2595 579 omnium
2620 566 2635 589 ,
2668 528 3002 598 maximeque
3034 530 3347 598 Graecarum,
3393 532 3568 587 notitia
3592 538 3717 591 cele-

601 620 736 679 bris.
2820 620 2835 637 '

671 709 1004 763 Bibliotheca:
1028 707 1343 761 Colhertinae
1374 708 1652 764 thesauros
1678 711 1830 764 nobis
1865 711 2071 778 aperuit
2100 709 2572 778 praestantissimus
2596 710 2760 765 abbas
2799 713 2865 765 de
2888 711 3196 781 Seiguelay,
3228 712 3444 781 ejusque
3473 713 3617 782 jussu
3637 732 3724 773 co-

598 806 740 860 dices
769 803 919 855 nohis
949 816 1044 866 pro
1073 808 1193 854 voto
1221 802 1573 855 commodavit
1601 801 1661 854 V.
1684 802 1762 856 Cl.
1789 804 1858 857 du
1889 804 2114 867 Chesne,
2141 803 2377 870 ejusdem
2405 802 2729 856 bibliotheca:
2753 814 2950 857 custos.
2979 801 3406 857 Vetustissimum
3444 807 3727 872 pulcherri-

601 911 849 964 mumque
875 894 1252 962 Prophetarum
1281 895 1533 957 codicem,
1560 905 1773 963 rogante
1797 895 2077 950 Maecenate
2109 905 2289 949 nostro
2329 895 2751 949 eminentissimo
2784 896 3041 949 cardinali
3087 894 3376 961 d’Estrées,
3407 912 3436 949 a
3469 895 3578 950 RR.
3629 899 3727 954 PP.

598 990 814 1046 Jesuitis
845 989 908 1042 ad
937 998 1164 1056 quatuor
1189 989 1358 1042 solum
1388 988 1501 1042 dies
1530 990 1926 1058 impetravimus
1958 1008 1971 1042 :
2000 991 2252 1058 pluraque
2277 988 2398 1041 inde
2414 989 2712 1056 excerpturi
2736 1003 2970 1052 eramus,
3000 987 3045 1041 si
3066 988 3450 1041 diuturniorem
3471 988 3521 1041 in
3544 1004 3604 1043 eo
3621 1006 3735 1058 ope-

602 1097 715 1136 ram
739 1095 934 1149 ponere
962 1081 1219 1135 licuisset.
1245 1081 1452 1134 Gratias
1477 1083 1599 1134 item
1624 1083 1877 1137 habemus
1900 1084 2159 1137 maximas
2185 1082 2493 1137 doctissimo
2521 1082 2781 1150 nobisque
2811 1081 3144 1135 amicissimo
3166 1080 3411 1134 Michaeli
3432 1081 3655 1150 Lequien
3679 1101 3737 1139 ex

601 1174 787 1227 ordine
810 1172 1234 1241 praedicatorum,
1256 1172 1345 1239 qui
1374 1171 1640 1227 Francisci
1670 1172 1972 1228 Combelisii
2024 1174 2249 1229 schedas
2279 1174 2430 1228 nobis
2463 1175 2655 1229 obtulit
2674 1213 2690 1241 ,
2720 1176 2859 1228 unde
2886 1190 2994 1229 non
3029 1173 3357 1243 spernendas
3382 1174 3436 1227 in
3466 1174 3645 1230 Genesi
3684 1186 3734 1232 et

600 1266 781 1321 Exodo
809 1274 1045 1320 veterum
1070 1266 1322 1319 lectiones
1346 1267 1725 1333 excerpsimus.

667 1359 726 1413 ln
773 1358 922 1412 Italia
964 1374 1069 1413 non
1110 1374 1277 1427 pauca
1315 1373 1380 1412 ex
1409 1358 1680 1412 codicibus
1707 1358 1976 1415 Vaticanis
2016 1361 2241 1415 mutuati
2285 1375 2506 1424 sumus,
2545 1360 2698 1430 longe
2722 1360 2874 1428 plura
2909 1359 3183 1414 collecturi
3207 1360 3252 1415 si
3280 1360 3577 1413 liberiorem
3602 1361 3742 1415 nobis

600 1452 801 1507 aditum
828 1451 1040 1506 fecisset
1071 1452 1118 1506 is
1149 1452 1367 1520 quitum
1399 1452 1755 1506 celeberrima:
1777 1453 1919 1507 illius
1945 1453 2283 1509 Bibliotheca:
2321 1462 2503 1508 custos
2528 1464 2661 1507 erat.
2692 1452 2857 1507 Multo
2896 1453 3210 1522 ampliorem
3243 1452 3531 1506 lectionum
3550 1452 3742 1519 copiam

601 1546 955 1613 suppeditavit
984 1545 1301 1600 bibliotheca
1334 1544 1448 1603 RR.
1471 1544 1573 1599 PP.
1612 1546 1668 1600 S.
1697 1544 1878 1601 Basilii
1923 1545 2123 1611 Romae,
2149 1548 2304 1616 cujus
2347 1548 2561 1601 codices
2602 1562 2698 1615 pro
2736 1556 2860 1600 voto
2889 1547 2956 1600 ad
2983 1560 3205 1599 manum
3240 1560 3452 1612 semper
3480 1545 3742 1599 habuimus

600 1638 858 1692 beneﬁcio
904 1639 1330 1693 reverendissimi
1374 1638 1433 1692 P.
1472 1637 1612 1693 Petri
1664 1640 1920 1705 Mennitii,
1956 1641 2116 1696 totius
2161 1641 2365 1695 ordinis
2402 1639 2635 1717 praefecti
2666 1640 2960 1710 generalis,
2983 1639 3076 1707 qui
3100 1637 3295 1691 studiis
3323 1636 3524 1690 nostris
3555 1650 3742 1704 semper

602 1730 751 1796 favit,
782 1739 835 1785 et
857 1732 1167 1801 rogantibus
1194 1748 1468 1802 nunquam
1494 1732 1680 1793 defuit.

1019 2122 1871 2279 PlliEIilllllNAllIA
1987 2122 2109 2271 ΙΝ
2189 2118 2709 2271 HEXAPLA
2813 2116 3349 2271 0RIGENIS

1707 2552 2074 2641 CAPUT
2146 2548 2653 2639 PRIMUM.

1176 2741 1265 2799 De
1326 2738 1755 2817 Tetraplorum
1807 2744 1992 2815 a'que
2029 2734 2456 2812 Hexaplorum
2492 2731 2855 2793 nominibus
2886 2741 2949 2791 et
2977 2729 3199 2792 forma.

608 2898 649 2951 1.
684 2898 1025 2959 Τειιεριοτιιιιι
1067 2904 1119 2945 et
1160 2898 1488 2959 Hexaplorum
1525 2900 1654 2947 varia
1694 2898 1904 2946 nomina.
1944 2895 2006 2943 Il.
2029 2894 2123 2944 Cur
2140 2894 2365 2959 Tetrapla
2386 2896 2435 2959 et
2477 2890 2695 2959 Hexapla
2723 2889 3335 2959 Qrigenes'adlornaverit.
3366 2888 3552 2959 MILA!)
3575 2889 3742 2959 Hexapl

669 2960 805 3021 prius
826 2949 1237 3023 quamjetrapla.
1261 2949 1452 3023 Certum
1475 2959 1910 3023 videtur_'l‘etrapla
1933 2960 2222 3023 priusquam
2247 2949 2468 3023 ﬁexapla
2476 2949 2714 3023 adornata
2735 2949 2899 3023 fuisse.
2928 2950 3008 3023 iV.
3031 2950 3421 3023 _Qu2'tempore.
3438 2950 3655 3023 Hexgpia
3671 2965 3741 3023 cet

669 3009 953 3082 ἒίιιιοενὲνίι.
975 3018 1032 3082 Y-
1061 3009 1162 3082 ρυὲ
1192 3021 1388 3082 ratione
1408 3019 1652 3082 Tete-pla.
1673 3009 1967 3082 Hexap'laﬁ}
1997 3009 2204 3082 ρςειέριςι.
2235 3009 2539 3082 digesserit.
2566 3013 2782 3082 ίιθειειαυθ
2811 3009 3208 3082 ,Εηηθειρὶεκῖἓο
3249 3009 3299 3059 lli
3322 3011 3504 3082 quibus.
3534 3009 3741 3082 sese"?

673 3080 811 3136 libris
834 3087 931 3127 tres
949 3070 1326 3131 alias‘editiones
1348 3070 1578 3138 Hexaplis
1598 3070 1855 3139 addiderit.
1873 3078 1975 3125 Vll.
1992 3138 1997 3139 γ
2012 3076 2086 3124 De
2106 3070 2233 3139 uotis
2256 3070 2307 3120 in
2328 3070 2618 3139 marginibus
2640 3070 2975 3139 Hexalplorutn
3012 3070 3072 3139 ab
3104 3070 3327 3139 Origene
3342 3070 3551 3139 'positis.
3573 3070 3703 3139 ῘΙΙΙΙἰ
3719 3073 3742 3119 Δ

670 3129 955 3246 Ξειιιιειτὶιοιιὶ
980 3144 1031 3186 et
1049 3129 1167 3244 Syrif
1180 3140 1413 3246 lecitiqnes
1434 3129 1796 3199 in'margiuibus
1817 3138 2142 3197 Hexaplorum
2168 3134 2411 3185 locaverit.
2434 3129 2536 3181 ‘tx.
2561 3129 2731 3178 Utrum
2766 3129 3004 3191 Origenis
3030 3129 3259 3192 tempore
3298 3129 3586 3182 Sainarilani
3610 3139 3661 3180 et
3686 3131 3742 3192 Sy

686 3202 845 3246 ‘raacaa
875 3200 1126 3246 versiones
1163 3211 1249 3246 uer
1272 3212 1302 3245 ιι
1328 3234 1340 3246 .

666 3201 845 3249 Graeca;
875 3200 1126 3247 versiones
1143 3200 1340 3246 fuerint.

712 3302 753 3355 l.
790 3302 1146 3371 Tetraplorum
1171 3310 1219 3356 et
1248 3301 1597 3370 Hexaplorum
1633 3302 1775 3355 varia
1805 3302 2030 3358 nomina.
2148 3303 2209 3360 Ἀ
2236 3294 2569 3349 emendatum
2599 3290 2763 3347 fuisse
2786 3290 2857 3360 μὴ
2901 3296 2969 3364 τῇ
2996 3292 3137 3345 Σιὼν
3162 3332 3179 3357 ,
3217 3296 3455 3365 nunquid
3492 3293 3639 3349 Siom’
3659 3335 3673 3360 ,
3703 3310 3742 3348 et

681 3391 810 3457 Qua;
828 3392 895 3446 de
925 3391 1292 3461 Tctraplorum
1352 3399 1404 3445 et
1439 3391 1793 3461 Hexaplm-um
1834 3390 2142 3446 nominibus
2240 3392 2432 3452 puncta
2466 3382 2636 3434 littera
2660 3397 2710 3449 ρ.
2738 3379 2998 3450 Tetrapla
3037 3383 3205 3452 igitur
3237 3385 3626 3456 Τετρασὲλιδον
3651 3424 3665 3448 ,
3699 3384 3735 3437 Η

611 3482 807 3536 dicturi
830 3497 1037 3545 sumus,
1066 3483 1325 3548 nondum,
1356 3492 1414 3535 ut
1449 3495 1611 3551 puto,
1650 3482 1930 3535 observata
1971 3480 2139 3545 fuere,
2239 3474 2395 3542 Χερὶᾶ
2422 3486 2545 3525 vero
2605 3468 2940 3534 Ἑξασέλιδον
2964 3510 2980 3535 ,
3035 3475 3323 3542 sextuplex
3370 3476 3621 3528 columna
3660 3476 3742 3528 dic

611 3587 777 3641 quare
811 3572 895 3625 vel
941 3572 1055 3640 ipsa
1100 3573 1328 3625 novitate
1359 3571 1617 3639 placitura
1673 3585 1790 3625 esse
1819 3570 2142 3638 sperandum
2242 3566 2454 3625 bantur,
2489 3570 2546 3613 ut
2571 3560 2750 3612 videas
2777 3562 2833 3611 in
2868 3570 2998 3614 nota
3034 3562 3105 3616 ad
3145 3580 3269 3633 cap.
3301 3581 3332 3618 v
3364 3565 3604 3621 Michieaz
3632 3585 3646 3620 :
3679 3582 3742 3635 qu

610 3672 711 3716 est.
745 3660 990 3730 Tetrapla
1013 3672 1065 3715 et
1102 3660 1355 3730 Hexapla,
1388 3662 1466 3716 sic
1497 3662 1550 3714 in
1597 3660 1788 3728 plurali
1831 3661 2142 3728 exprimun-
2242 3649 2484 3717 Tell‘aPla
2525 3646 2788 3715 Οτίεθηίε,
2821 3658 3064 3717 quatuor
3089 3654 3376 3710 Versiones
3399 3656 3628 3725 AQuilaa,
3652 3656 3741 3725 Syr

612 3761 699 3813 tur
720 3752 788 3804 ab
810 3750 1057 3820 Origene,
1091 3752 1343 3811 Eusebio,
1374 3750 1669 3820 Epiphanio
1709 3734 1769 3803 et.
1797 3747 2140 3818 Hieronymo,
2244 3740 2437 3804 Inachi,
2472 3735 2610 3791 LXX
2629 3739 2991 3805 Interpretum
3013 3750 3070 3795 et
3099 3741 3499 3802 Theodotionis
3531 3763 3624 3817 per
3663 3748 3738 3801 col

610 3840 918 3910 Τετραπλᾶ,
954 3839 1207 3905 Ἐξαπλᾶ,
1233 3841 1584 3909 videnturque
1602 3841 1672 3893 ira
1697 3839 1942 3909 primitus
1965 3837 2145 3907 appet.
2242 3844 2395 3883 mnas
2418 3845 2448 3883 e
2475 3829 2689 3897 regione
2724 3829 2940 3896 positas
2981 3835 3492 3901 complectehantur
3517 3856 3532 3904 ;
3580 3838 3742 3907 Hera;

612 3933 717 3986 [ala
750 3931 933 3986 fuisse.
982 3931 1171 3986 verum
1199 3932 1289 3985 alii
1322 3932 1635 4000 posterioris
1672 3932 1768 3984 ενί
1793 3931 1961 3984 θηρσί
2011 3929 2147 4002 εει-ετ
2242 3933 2369 3972 vero
2401 3927 2603 3985 textum
2633 3917 2962 3974 Hebraicum
2990 3922 3195 3979 litteris
3227 3925 3514 3983 Hebraicis
3537 3970 3553 3990 ,
3590 3938 3643 3983 et
3669 3944 3699 3982 e
3731 3944 3742 3981 ι

610 4032 789 4093 plores
821 4023 1152 4092 frequentius
1180 4022 1523 4093 Τετραπλοῧν
1549 4030 1602 4076 et
1641 4022 1931 4087 Ἐξαπλοῦν
1956 4022 2009 4074 in
2034 4023 2141 4075 sin-

2243 4008 2398 4077 gione
2417 4009 2654 4075 proxime
2674 4007 2930 4062 eumdem
2950 4012 3366 4079 ipsum‘Graacis
3388 4018 3617 4083 litteris;
3637 4026 3741 4086 posl

612 4112 1074 4179 gularidicebaut,
1123 4111 1421 4179 Tetraplum
1452 4111 1699 4165 videlicet
1749 4121 1802 4164 et
1828 4110 2142 4178 Hexaplum,

2243 4106 2473 4166 quatuor
2495 4096 2708 4152 Graecas
2738 4097 3233 4169 interpretationes
3264 4109 3464 4164 eodem
3508 4126 3618 4179 quo
3659 4123 3741 4176 sui

615 4211 672 4253 ut
698 4202 895 4269 passim
925 4203 1321 4257 animadvertas
1351 4203 1404 4255 in
1441 4203 1583 4255 notis
1616 4202 1774 4268 hujus
1815 4201 2011 4268 operis.
2058 4198 2146 4253 Sic

2242 4189 2349 4241 ritu
2378 4188 2598 4248 locatas,
2625 4186 2984 4246 exhibebant.
3022 4193 3182 4258 Σελὶς
3215 4208 3402 4251 autem
3440 4201 3707 4269 signiﬁcat
3734 4215 3741 4268 ι

616 4290 667 4341 in
695 4298 819 4343 nota
846 4292 913 4343 ad
941 4291 1184 4344 ultimum
1219 4300 1378 4359 caput
1409 4291 1530 4344 libri
1554 4289 1597 4341 ll
1627 4289 1828 4358 Regum
1852 4328 1866 4352 ,
1897 4290 1954 4351 ὲν
1983 4289 2039 4340 δὲ
2070 4288 2147 4357 τῷ

2244 4279 2442 4347 ginam,
2473 4277 2845 4347 τετρασὲλιδον
2877 4283 3138 4353 paginam
3185 4290 3687 4358 quadruplicatam,
3726 4304 3741 4343 ε

624 4377 887 4447 Ἓξαπλῷ,
932 4380 1159 4443 καὶτοῖς
1204 4380 1605 4451 ἀκριϐεστέροις
1647 4380 1754 4431 τῶν
1784 4380 2144 4448 ἀντιγράφων,

2244 4377 2472 4437 quatuor
2524 4369 2927 4436 columnarum,
2999 4375 3319 4439 ὲξασέλιδον
3369 4396 3503 4435 vero
3575 4382 3741 4451 pagin:

612 4465 668 4518 in
694 4463 928 4532 Hexaplo
960 4476 1133 4519 autem
1158 4475 1207 4519 et
1229 4467 1284 4518 in
1304 4465 1713 4519 acouratioribus
1745 4463 2144 4531 exemplaribus,
2246 4459 2685 4527 sextuplicatam,
2739 4460 2857 4516 sive
2909 4480 3011 4519 sex
3068 4470 3482 4526 columnarum.
3531 4471 3605 4527 Ut
3649 4482 3742 4528 aut

612 4564 717 4609 etc.
754 4552 815 4606 Et
852 4553 977 4607 alibi
1010 4553 1331 4622 frequenter,
1360 4556 1591 4609 maxime
1633 4555 1686 4608 in
1728 4553 1881 4607 libris
1920 4552 2143 4622 Regum.

2210 4620 2213 4625 _
2243 4549 2513 4619 τετραπλᾶ
2540 4549 2935 4618 τετρασέλιδον,
2969 4564 3026 4609 et
3063 4557 3282 4623 ἑξαπλᾶ
3320 4560 3628 4625 ὲξασὲλιδον
3666 4578 3741 4616 v04

614 4644 853 4698 Indicant
876 4653 1051 4697 autem
1083 4645 1366 4716 Τετραπλᾶ
1399 4661 1491 4699 seu
1520 4641 1882 4714 Τετραπλοῠν,
1910 4643 2144 4710 quadru-

2209 4619 2216 4662 ί
2245 4614 2455 4700 bantur,
2488 4639 2566 4693 sic
2585 4614 2929 4706 θινόκταπλᾶέ
2959 4614 3338 4716 ὸκταξιέλιδον,
3361 4614 3509 4707 ’θίγε
3543 4614 3740 4723 opuso

612 4734 823 4801 plicem,
870 4733 1104 4797 Ἐξαπλᾶ
1136 4750 1263 4788 vero
1312 4750 1403 4789 seu
1444 4733 1767 4797 Ἑξαπλοῠν,
1802 4732 2143 4799 sextuplicem

2243 4730 2632 4792 columnarum,
2659 4736 2716 4781 ut
2737 4731 2927 4787 videas
2951 4735 3006 4788 in
3030 4747 3163 4791 nota
3192 4742 3263 4797 ad
3296 4743 3573 4809 psalmum
3610 4760 3741 4798 Lxxx

616 4821 903 4890 Scriptura:
930 4833 1154 4885 textum,
1193 4839 1300 4877 uno
1321 4833 1606 4892 conspectu
1638 4825 1868 4893 positum
1891 4863 1906 4887 ,
1940 4834 1999 4877 ut
2027 4824 2140 4891 plu-
2244 4823 2445 4876 Dicitur
2477 4830 2654 4874 autem
2676 4835 2817 4889 opus
2852 4835 2982 4880 octo
3017 4830 3440 4902 columnarum,
3473 4838 3607 4906 quia
3645 4853 3742 4908 prae

617 4910 764 4965 ribus
794 4910 929 4971 infra
962 4913 1446 4981 reprzesentabitur.
1478 4912 1601 4967 Haec
1647 4929 1807 4982 porro
1840 4912 2145 4982 sigiiiiican-
2244 4925 2335 4972 ses
2379 4915 2698 4962 memoratas
2743 4909 3044 4978 editiones,
3073 4918 3203 4977 dum
3253 4922 3379 4976 alia}
3417 4926 3742 4992 quibusdam

615 5000 722 5062 tius
750 5014 779 5052 a
810 4999 1004 5056 Graecis
1023 5003 1333 5056 auctoribus
1362 5018 1467 5056 non
1486 5002 1671 5070 paucis
1702 5011 1958 5056 vocantur
1982 5003 2140 5056 etiam
2247 4996 2397 5053 libris
2438 5004 2729 5050 IllemOPalo
2763 4998 3158 5060 COIanarum
3198 5009 3314 5063 situ
3364 5016 3742 5083 repraesentab:

614 5088 1011 5158 Τετρασέλιδον,
1047 5093 1158 5145 sive
1189 5093 1519 5162 quadruplex
1558 5092 1826 5146 columna.
1870 5089 1959 5144 Sic
2003 5091 2144 5144 enim
2248 5097 2351 5143 tur.

615 5178 841 5243 habetur
867 5178 918 5240 in
953 5180 1093 5233 notis
1131 5182 1194 5236 ad
1218 5183 1406 5250 psalm.
1434 5197 1627 5236 LXXXVI
1654 5197 1717 5235 ex
1742 5181 1924 5236 codice
1955 5179 2145 5234 Coisli-
2320 5176 2494 5230 Semel
2522 5174 2645 5228 item
2676 5175 2737 5266 iu
2763 5177 2913 5266 uotis
2942 5179 3013 5234 ad
3047 5179 3335 5256 Hesaiam,
3370 5208 3496 5266 cap.
3539 5212 3624 5263 ut,
3658 5197 3711 5266 ᾗ.

617 5269 778 5323 niano
808 5286 822 5320 :
852 5269 1045 5338 Μήτηρ
1067 5270 1200 5331 Σιὼν
1226 5273 1283 5325 τὸ
1321 5290 1350 5342 ρ
1371 5274 1508 5326 κατὰ
1537 5271 1847 5342 προσθήκην
1873 5270 2044 5327 ἔκειτο
2067 5272 2147 5333 εἰς

2251 5267 2472 5354 legimus
2499 5263 2897 5333 πεντᾳσέλιδον,
2936 5270 3041 5324 hoc
3068 5285 3154 5331 est
3182 5263 3741 5354 quinque—columna:

613 5358 711 5428 τὴν
739 5357 846 5419 τῶν
876 5360 929 5410 0'
961 5361 1017 5415 ὲν
1054 5358 1130 5429 τῷ
1156 5361 1515 5433 Τετρασελίδῳ
1535 5380 1547 5392 ·
1584 5364 1640 5414 ἐν
1687 5362 1742 5413 δὲ
1782 5360 1858 5430 τῷ
1900 5362 2144 5420 Ὀκτασε-

2247 5371 2401 5450 (ἐρυθΣ
2432 5353 2563 5450 Nola
2602 5362 2782 5408 autem
2843 5358 2963 5414 haec
2993 5366 3180 5431 prodit
3209 5385 3278 5427 ex
3328 5375 3536 5450 insigni
3567 5398 3675 5436 ms.
3727 5379 3741 5432 1

614 5444 756 5516 λξδῳ,
783 5446 856 5516 μὴ
885 5449 949 5517 τῇ
984 5446 1118 5502 Σιὼν
1145 5450 1306 5521 ἤγουν
1335 5450 1452 5520 δίχα
1476 5452 1566 5504 τοῦ
1601 5451 1697 5521 ῥῶ.
1733 5449 1852 5517 Quo
1883 5450 2145 5517 signiﬁca-

2248 5444 2351 5507 PP.
2374 5443 2716 5541 Jesuitaruiii,
2737 5454 2794 5497 et
2819 5450 2902 5502 sic
2937 5452 3106 5510 habet
3141 5477 3154 5512 :
3180 5464 3231 5521 οἱ
3256 5465 3318 5517 Γ.
3349 5443 3523 5541 στίῇοι
3548 5477 3604 5534 οἱ⁴
3628 5476 3741 5527 ὐποπ

617 5546 722 5604 tur,
750 5538 803 5590 in
831 5536 1179 5603 Tetraselido,
1212 5540 1323 5595 sive
1360 5541 1413 5594 in
1453 5540 1699 5611 Tctraplo
1727 5538 1866 5591 LXX
1899 5540 2148 5592 habuisse

2252 5550 2398 5607 μενοι
2425 5533 2522 5585 οὐκ
2543 5531 2747 5593 ἔκειντο
2780 5536 2840 5587 ὲν
2872 5539 2953 5609 τῷ
2975 5544 3377 5628 πεντασελξδῳ,
3407 5531 3532 5616 οδδὲ
3568 5531 3741 5637 Ὤριγὲ

615 5624 895 5682 lectionem
926 5626 1068 5679 illam
1099 5628 1358 5701 vitiatam,
1389 5630 1582 5700 Μήτηρ
1612 5629 1764 5694 Σιὼν,
1790 5627 1959 5685 Mater
1988 5626 2146 5688 Sion;

2252 5622 2600 5725 samo-3p.an
2622 5621 2830 5679 τούτων
2859 5631 3133 5709 ἐμνήσθη.
3173 5643 3228 5696 Id
3256 5611 3345 5701 es;
3366 5611 3391 5703 πε

616 5720 671 5773 in
704 5715 1006 5771 Octaselido
1045 5728 1220 5775 autem
1255 5721 1367 5777 sive
1401 5722 1455 5777 in
1492 5720 1710 5790 Octaplo
1757 5721 1829 5773 ita
1877 5720 2067 5775 lectum
2102 5725 2153 5775 et
2256 5715 2487 5772 versicuii
2519 5731 2619 5768 non
2641 5726 2791 5777 cram
2826 5720 2883 5772 ἱη
2907 5721 3281 5803 Peutasclido,
3312 5741 3419 5803 sive
3443 5744 3499 5803 in
3531 5715 3742 5821 libro'qi
