3878 6356
243 398 271 454 εί

1453 442 1521 495 ΙΝ
1559 439 1869 495 HEXAPLA
1905 439 2240 496 ORIGENIS.

3363 446 3435 501 ‘23

227 515 603 593 Amhmanm
676 544 866 631 neque
895 551 1143 631 eorum
1171 559 1441 613 meminit
1493 536 1734 631 Origenes
1762 562 1817 614 in
1847 568 1891 621 Α
1952 560 2013 613 ιι.
2041 559 2146 614 Cur
2177 557 2416 622 Tetrapla
2443 563 2492 608 et
2528 554 2761 625 Ilexapla
2785 558 3025 629 Origenes
3054 557 3399 613 adornarent.

185 629 459 702 thm'lione
479 640 586 677 sua.
625 621 759 717 lude
783 627 1184 717 profectum
1223 642 1476 705 fortasse
1503 621 1693 705 nomen
1713 661 1811 717 cst,

144 718 316 799 quod
340 715 515 770 librarii
541 712 773 811 quidem
798 712 1217 787 Hebraicam
1245 734 1523 796 Hebraice
1564 712 1811 811 scriptam

140 812 470 876 columnam,
497 819 600 858 non
629 804 860 861 usitata
895 811 1040 869 sibi
1077 822 1496 886 characterum
1522 804 1692 889 forma
1722 837 1813 890 de-

135 896 354 964 territi,
380 897 428 948 in
465 894 1308 989 nonnullisﬂexemplaribns
1354 925 1810 989 praetermiserim,

128 987 397 1055 satisque
419 985 702 1038 habuerint
738 984 1155 1056 Hebraicum
1196 984 1411 1064 textum
1455 1012 1640 1068 Graeco
1685 984 1813 1068 aha;

122 1085 374 1170 faciet?
414 1086 810 1170 relimean
842 1098 862 1133 ι
914 1088 1124 1157 cuius
1171 1097 1257 1151 rei
1290 1103 1595 1170 exemplum
1648 1104 1812 1159 habe-

120 1180 302 1236 mus
324 1164 374 1217 in
407 1166 997 1262 codiceBarberino,
1030 1178 1214 1240 Oseae
1249 1204 1329 1253 xl,
1368 1190 1419 1253 i,
1450 1164 1544 1245 ubi
1578 1193 1811 1262 quinque

120 1258 528 1353 columnarum
576 1257 1009 1330 fragmentum
1069 1275 1311 1333 eﬁ‘ertur
1350 1296 1569 1350 prorsus
1597 1257 1807 1353 omissa

121 1347 430 1441 nebnica
469 1351 804 1421 scriptione.
887 1358 963 1415 Si
1037 1369 1183 1435 quis
1244 1347 1424 1426 autem
1501 1376 1805 1441 reluctetur,

119 1459 207 1509 ει
240 1436 421 1533 dicat,
461 1456 569 1495 non
623 1443 759 1500 ideo
817 1457 1256 1512 πεντασέλιδον
1301 1464 1513 1527 vocari,
1568 1467 1708 1533 quod
1755 1468 1806 1520 in

121 1524 492 1609 quibusdam
520 1529 688 1587 libris
714 1533 1035 1596 Hebraie'a
1064 1547 1342 1614 scriptura
1369 1565 1588 1617 prorsus
1609 1553 1807 1607 omissa

130 1616 359 1686 fuerit,
390 1619 484 1672 sed
517 1623 672 1689 quod
707 1623 772 1678 in
798 1633 1171 1688 recensione
1195 1616 1563 1692 columnarum
1596 1640 1808 1695 Hebrai-

140 1715 511 1796 custcxtus,
545 1716 732 1768 semel
766 1715 1122 1788 Hebraicis,
1148 1735 1442 1796 posteaque
1474 1731 1633 1783 semel
1660 1731 1804 1786 Grie-

149 1803 259 1859 εἰς
294 1793 485 1850 litteris
514 1798 882 1871 descriptus,
920 1822 1038 1876 pro
1069 1826 1180 1865 una
1211 1793 1416 1867 tantum
1440 1817 1688 1872 columna
1734 1822 1803 1874 sit

156 1882 431 1949 habitus,
464 1886 599 1942 huic
622 1905 744 1944 non
779 1893 1113 1951 admodum
1149 1905 1457 1970 repugnabo
1489 1923 1501 1958 :
1535 1922 1656 1960 nam
1682 1908 1806 1963 licet

167 1994 251 2032 ex
281 1972 681 2032 Hebraicarum
707 1982 1057 2040 litterarum
1083 1991 1378 2046 omissione
1399 1995 1657 2051 accidisse
1688 2014 1808 2054 sus-

174 2066 370 2135 picer,
394 2075 453 2118 ut
484 2067 539 2121 id
578 2078 704 2123 tuto
752 2073 1059 2131 afﬁrmare
1088 2080 1330 2147 possim,
1375 2087 1617 2155 exempla
1668 2104 1805 2143 nova

184 2153 494 2209 desiderari
526 2174 641 2213 non
677 2161 960 2218 diﬁiteor.

272 2240 671 2314 Hexaplorum,
705 2252 1009 2319 ὲξαπλῶν,
1038 2271 1237 2311 nomen
1267 2275 1331 2314 ex
1357 2270 1544 2318 natura
1578 2280 1670 2319 sua
1714 2269 1806 2322 ad-

181 2332 489 2400 jectivum,
532 2339 903 2397 substantive
935 2347 1147 2414 passim
1196 2361 1484 2420 usurpatur
1521 2370 1550 2407 a
1609 2354 1805 2412 Graecis

187 2423 607 2513 scriptoribus;
666 2431 993 2500 aliquando
1029 2436 1191 2490 etiam
1237 2440 1515 2507 adjective.
1566 2442 1653 2504 Sic
1687 2444 1804 2513 Epi-

182 2511 482 2580 phanius,
521 2519 666 2573 libro
711 2520 799 2574 De
855 2524 1204 2591 ponderibus,
1243 2526 1504 2593 Ἐξαπλὰς
1528 2529 1671 2599 (sic)
1710 2511 1805 2597 τὰς

183 2600 473 2668 Βίϐλους,
499 2604 847 2675 Sextnplices
898 2611 1091 2665 Libros
1116 2658 1130 2681 ,
1168 2624 1225 2669 ut
1254 2614 1608 2685 Hexaplorum
1640 2621 1803 2677 libros

184 2690 468 2748 indicet:
516 2706 569 2751 et
623 2700 680 2752 in
744 2704 1145 2761 vetustissimo
1192 2709 1571 2776 prOphetarum
1622 2709 1803 2763 codice

185 2781 527 2845 penesRR.
551 2784 654 2839 PP.
687 2787 951 2845 Jcsuitas
984 2793 1179 2861 legitur
1211 2794 1474 2860 ἐξαπλοῦς
1516 2797 1797 2867 Ἱερεμίας,

188 2869 504 2935 sextuplex
531 2870 846 2940 Jeremias,
882 2892 913 2930 a
947 2881 1234 2948 sextuplici
1271 2883 1538 2937 columna.
1585 2884 1663 2937 Ex
1697 2886 1800 2939 fre-

190 2959 411 3021 quenti
436 2975 597 3028 porro
624 2965 745 3029 illa,
791 2982 923 3035 quae
947 2969 1002 3021 in
1037 2971 1310 3039 plerisque
1337 2975 1572 3043 antiquis
1613 2990 1797 3028 exem-

196 3044 467 3109 plaribus
496 3057 767 3119 occurrit,
818 3057 1197 3128 Hexapiorum
1246 3066 1550 3131 mentione,
1600 3065 1796 3122 factum

194 3134 437 3227 ﬁnietur
454 3153 513 3197 ut
543 3146 784 3212 librarii,
818 3151 963 3220 πρὸς
989 3153 1390 3226 ἁντιδιαστολὴν
1421 3155 1795 3227 Hexaplorum,

190 3222 366 3281 alios
394 3231 588 3295 libros.
630 3236 727 3303 qui
766 3239 995 3293 unicam
1028 3239 1137 3292 τῶν
1162 3242 1216 3293 0'
1248 3222 1532 3298 editionem
1566 3222 1797 3315 comples

186 3319 529 3387 elebantur,
560 3327 714 3379 ἁπλᾶ
748 3328 867 3382 sive
890 3331 1162 3398 simplicia
1202 3343 1481 3395 vocarent,
1523 3343 1576 3388 et
1608 3336 1679 3389 ita
1713 3337 1796 3390 di-

184 3406 564 3493 stinguerent
595 3430 628 3469 a
657 3419 1087 3486 sextuplieibus.
1125 3420 1213 3476 Sic
1253 3422 1304 3475 in
1350 3424 1531 3478 codice
1566 3425 1795 3493 quodam

187 3491 566 3558 Coisliniano
595 3506 794 3560 decimi
824 3510 1015 3563 saeculi
1046 3510 1113 3563 ad
1142 3511 1334 3565 librum
1371 3513 1436 3565 lll
1470 3491 1671 3581 Regum
1697 3531 1792 3579 vu,

191 3581 329 3648 16,
356 3588 565 3658 legitur,
598 3593 656 3645 ἔν
676 3612 789 3647 τισι
812 3596 873 3649 δὲ
899 3597 1013 3649 τῶν
1039 3599 1240 3661 ἁπλῶν,
1264 3601 1316 3652 in
1345 3603 1653 3669 quibusdam
1678 3603 1796 3655 Ha-

188 3670 459 3741 plantm,
486 3678 601 3734 sive
625 3682 971 3751 simplicium
1008 3687 1416 3754 exemplarium.

296 3765 517 3823 Certum
546 3773 1008 3844 exploratumque
1031 3785 1116 3831 est
1142 3777 1194 3830 in
1215 3776 1462 3843 Psalmis,
1490 3778 1543 3832 in
1564 3777 1796 3850 Prophe-

187 3848 311 3905 tis
335 3858 629 3915 minoribus
646 3872 702 3916 et
726 3863 922 3918 forsan
949 3866 1103 3930 alibi,
1128 3876 1321 3934 praeter
1349 3868 1485 3920 duas
1519 3848 1795 3926 columnas

186 3938 544 4014 Hebraicas,
578 3970 816 4022 quarum
848 3956 1026 4010 altera
1060 3956 1362 4022 Hebraicis,
1394 3959 1560 4011 altera
1598 3958 1794 4014 Graecis

182 4026 428 4090 litteris
460 4039 735 4110 descripta
785 4053 939 4108 erat;
996 4054 1052 4098 et
1100 4059 1194 4097 sex
1251 4046 1532 4100 columnas
1583 4046 1795 4102 Graecas

185 4124 457 4206 ltilidem
491 4127 1035 4197 interpretationum,
1070 4148 1262 4201 nempe
1286 4134 1514 4203 Aquilae,
1551 4135 1795 4206 Symma-

183 4205 362 4295 chi,
397 4213 551 4280 LXX,
589 4217 1032 4286 Theodotionis,
1083 4221 1296 4286 Quintae
1333 4234 1385 4277 et
1419 4205 1624 4288 Sextia,
1676 4240 1795 4295 quae

182 4294 400 4353 simul
426 4310 545 4357 octo
576 4306 869 4361 columnas
891 4347 906 4372 ,
947 4310 1063 4363 sive
1098 4308 1314 4379 Octapla
1354 4294 1789 4379 constituebant;

176 4389 513 4454 septimam
576 4395 743 4449 etiam
794 4396 1044 4452 Graecam
1096 4400 1386 4454 editionem
1430 4400 1631 4466 fuisse,
1675 4418 1794 4473 qua

176 4485 430 4570 20mm
473 4483 784 4539 columnam
851 4502 1123 4558 occupare
1182 4489 1384 4553 debuit,
1445 4500 1603 4559 atque
1656 4493 1788 4547 adeo
1819 4517 1862 4570 υ

178 4557 540 4638 Enneapla,
611 4576 731 4629 sive
779 4557 1007 4631 novem,
1059 4578 1437 4633 columnarum
1495 4595 1630 4650 opus
1680 4583 1788 4637 elli-

174 4664 382 4713 eeste.
454 4664 520 4716 At
593 4666 802 4719 mirum
874 4666 1113 4722 fortasse
1184 4669 1426 4723 videatur
1496 4670 1790 4742 Enneaplo-

174 4754 366 4798 mm
435 4764 622 4805 nomen
692 4769 970 4822 nusquam
1036 4755 1187 4823 apud
1264 4765 1470 4812 veteres
1532 4774 1791 4816 memora-

180 4835 363 4886 ιιι-ιιι
385 4840 613 4905 reperiri.
647 4843 733 4895 An
758 4844 890 4911 quia
923 4844 1075 4898 illam
1097 4843 1383 4898 editionem
1406 4845 1657 4916 Origenes
1682 4865 1787 4904 non

184 4916 309 4971 is.
336 4927 461 4980 serie
487 4929 862 4986 columnarum
883 4973 899 4997 ,
931 4933 1027 4987 sed
1063 4933 1121 4985 in
1163 4932 1274 4986 imo
1306 4936 1542 5005 margine
1586 4939 1788 4994 locave-

186 5016 358 5073 rat,
381 5011 487 5068 ideo
506 5031 768 5086 nusquam
795 5018 1215 5087 Enneaplorum
1242 5034 1451 5084 nomen,
1474 5022 1629 5077 etiam
1663 5041 1785 5080 cum

190 5088 349 5147 illa
385 5100 566 5167 aderat,
615 5115 944 5175 usurpatum
977 5106 1106 5161 est?
1140 5106 1227 5158 An
1278 5116 1508 5161 veterum
1560 5109 1784 5175 incuria,

206 5182 451 5242 etiamsi
494 5194 798 5250 columnam
849 5194 1217 5263 occupaverit
1278 5208 1423 5246 suam
1453 5232 1467 5257 ,
1525 5213 1784 5266 nusquam

233 5274 425 5354 φωτί]
444 5277 697 5354 Euncapla
722 5292 1034 5340 memorata
1064 5281 1562 5349 deprehenduntur?
1586 5287 1639 5339 ld
1661 5302 1786 5341 sane

254 5352 570 5424 divinandum
608 5352 966 5442 relinquitur.
1018 5367 1203 5420 Multa
1252 5382 1457 5437 quoque
1505 5372 1607 5426 alia
1662 5383 1788 5429 sunt

250 5456 375 5508 qua
389 5467 444 5507 ex
469 5458 571 5513 solo
596 5460 972 5530 Hexaplorum
999 5452 1459 5522 Octaplorumque
1478 5469 1783 5526 conspectu,

248 5538 410 5619 ξιπίιη
433 5560 547 5603 nota
574 5552 775 5619 cuique
804 5558 861 5602 et
891 5543 1201 5601 manifesta
1228 5550 1429 5605 essent,
1466 5559 1684 5616 quaeque
1719 5549 1785 5606 iis

244 5616 458 5689 Δασωιί
489 5639 568 5692 vix
599 5616 764 5693 acne
792 5637 888 5691 vix
943 5631 1180 5702 quidem
1228 5629 1524 5698 conjectura.
1568 5640 1781 5707 assequi

232 5716 516 5781 Minus.

1980 649 2097 713 Quo
2132 657 2303 701 autem
2350 643 2574 698 consilio
2605 642 2844 714 Tetrapla
2876 656 2930 701 et
2958 646 3187 715 Hexapla
3216 649 3433 700 concin-

1912 739 2117 791 naverit
2160 736 2437 807 Origenes,
2471 734 2698 801 explicat
2737 735 3088 806 Hieronymus
3130 737 3435 804 praefatione

1911 825 1962 879 in
1994 826 2156 880 libros
2179 825 2653 892 Paralipomenton,
2687 825 2768 879 his
2795 826 2972 878 verbis
3004 842 3017 877 :
3054 825 3120 878 Et
3150 836 3283 878 certe
3314 825 3435 880 Ori-

1908 932 2053 985 genes
2087 931 2183 967 non
2219 915 2383 967 solum
2419 914 2734 982 exemplaria
2759 916 3040 982 composuit
3066 927 3287 984 quatuor
3325 916 3435 968 edi-

1909 1005 2125 1068 tionum,
2156 1020 2183 1056 e
2204 1004 2402 1071 regione
2426 1001 2633 1070 singula
2663 1003 2813 1056 verba
2841 1002 3161 1065 describens;
3205 1012 3259 1055 ut
3300 1019 3432 1057 unus

1908 1077 2208 1146 dissentiens
2240 1094 2438 1156 statim,
2463 1096 2662 1146 cceteris
2694 1093 2827 1145 inter
2875 1109 2927 1146 se
2974 1093 3432 1159 consentientibus,

1908 1193 2197 1250 arguatur;
2229 1181 2335 1247 sed,
2360 1182 2494 1250 quod
2519 1182 2731 1249 majoris
2753 1182 2988 1235 audacia:
3007 1191 3103 1244 est,
3133 1184 3186 1235 in
3213 1182 3434 1235 editione

1907 1269 2053 1322 LXX
2082 1269 2438 1323 Tlteodoliouis
2467 1271 2740 1322 editionem
2780 1270 3018 1333 miscuit,
3062 1273 3319 1325 asteriscis
3348 1275 3437 1327 de-

1904 1360 2114 1428 signans
2149 1376 2263 1429 quae
2287 1360 2456 1412 minus
2485 1371 2604 1412 ante
2634 1359 2945 1427 fuerant,'et
2975 1359 3199 1427 virgulis
3231 1378 3345 1429 quce
3365 1379 3434 1440 es;

1903 1451 2159 1518 superﬂuo
2186 1451 2487 1504 videbantur
2523 1451 2780 1517 apposita.
2811 1448 2879 1503 Ut
2912 1450 3070 1519 igitur
3102 1450 3335 1518 prudens
3359 1452 3435 1506 le-

1904 1546 2020 1590 cwr
2063 1552 2128 1591 ex
2160 1538 2446 1591 multarum
2478 1538 2972 1613 interpretationum
3002 1538 3281 1593 collatione
3311 1552 3433 1606 pos-

1903 1634 1983 1678 set
2012 1640 2253 1693 quzenam
2285 1626 2459 1679 verior
2500 1626 2783 1694 explicatio
2833 1633 2975 1679 esset
3018 1626 3431 1695 deprehendere,

1902 1715 2018 1769 illas
2041 1731 2225 1769 omnes
2253 1717 2515 1771 editiones
2547 1732 2654 1770 uno
2699 1725 2987 1784 conspectu
3022 1717 3215 1772 locavit
3255 1719 3434 1789 Orige-

1902 1819 2017 1869 nes,
2041 1814 2098 1858 ut
2130 1804 2386 1859 llebraice
2409 1805 2638 1873 imperiti
2674 1814 2890 1874 possent
2918 1806 3149 1874 plurium
3191 1808 3329 1862 inter
3375 1824 3435 1864 se

1836 1890 1876 1944 Β
1904 1894 2342 1948 consentientium
2364 1897 2731 1948 auctoritatem
2754 1896 3020 1963 amplecti.
3040 1897 3140 1950 Sed
3171 1900 3295 1967 quia
3320 1901 3434 1955 haec

1904 1984 2011 2037 veri
2036 1998 2227 2037 sensus
2278 1983 2597 2068 assequendi
2622 1983 2728 2047 via,
2761 1983 2963 2037 incerta
2996 2000 3134 2052 saepe
3169 1994 3272 2049 est,
3334 2002 3432 2041 nec

1900 2073 2100 2128 erroris
2128 2073 2364 2141 periculo
2398 2083 2545 2125 vacat
2581 2090 2595 2125 :
2630 2072 2942 2141 plerumque
2966 2074 3106 2126 enim
3134 2075 3327 2129 accidit
3352 2085 3429 2141 ut,

1901 2163 2020 2215 aliis
2042 2176 2069 2214 a
2103 2176 2231 2214 vero
2259 2161 2426 2214 limite
2457 2160 2856 2214 deﬂecteutibus
2876 2200 2891 2223 ,
2936 2176 3073 2214 unus
3121 2177 3427 2231 germanam

1900 2248 2134 2302 auctoris
2155 2255 2383 2299 mentem
2409 2248 2704 2313 exprimat;
2730 2247 2971 2301 dicamus
2989 2247 3148 2300 etiam
3176 2247 3431 2306 Heltraice

1899 2338 2068 2392 doctis
2086 2337 2219 2390 hanc
2235 2336 2525 2390 editionum
2551 2336 2914 2390 collectionem
2935 2339 3208 2405 perutilem
3233 2338 3427 2394 fuisse:

1901 2443 2020 2480 nam
2052 2428 2123 2479 illi
2153 2441 2249 2495 pro
2275 2442 2356 2491 ea,
2393 2442 2498 2494 qua
2532 2427 2820 2495 pollebant,
2870 2426 3249 2483 Hebraicarum
3291 2431 3432 2484 litte-

1899 2531 2078 2569 rarum
2108 2516 2316 2584 peritia,
2345 2524 2586 2584 poterant
2625 2518 2872 2584 quisnam
2903 2519 3164 2587 interpres
3212 2521 3430 2588 prepius

1898 2601 1965 2654 ad
1988 2600 2184 2654 fontem
2229 2602 2503 2655 accederet
2543 2602 2853 2670 intelligere.
2878 2604 3050 2658 Aliam
3103 2607 3228 2661 item
3269 2609 3430 2677 hujus

1898 2688 1966 2741 ab
1993 2703 2049 2742 se
2085 2689 2314 2756 suscepti
2350 2689 2530 2757 operis
2564 2704 2779 2744 causam
2828 2693 3130 2747 subindicat
3172 2694 3428 2767 Origenes

1898 2779 2277 2834 Commentario
2305 2782 2358 2832 in
2398 2779 2724 2834 Matt/tantm.
2758 2779 2893 2846 Quia
2927 2783 3178 2837 nimirum
3202 2785 3289 2838 ille
3310 2786 3426 2840 edi-

1899 2867 2029 2919 tioni
2053 2866 2157 2919 τῶν
2184 2870 2236 2918 0'
2268 2866 2516 2936 Vulgatm,
2546 2870 2657 2922 sive
2687 2873 2859 2940 κοινῇ,
2909 2871 3250 2927 librariorum
3290 2889 3426 2929 ausu

1896 2963 1949 3008 et
1979 2956 2279 3024 ignorantia
2308 2967 2593 3025 corruptae,
2614 2974 2829 3013 manum
2855 2962 3112 3017 medicam
3146 2964 3429 3020 admovere

1897 3043 2162 3111 cupiebat,
2191 3059 2253 3096 ea
2285 3059 2404 3113 quae
2436 3046 2796 3112 praetermissa
2829 3046 3060 3115 fuerant,
3083 3051 3299 3109 exaliis
3316 3052 3427 3106 edi-

1898 3137 2132 3191 tionibus
2154 3152 2274 3191 cum
2295 3139 2564 3193 asteriscis
2601 3139 2804 3195 addidit
2834 3157 2848 3194 :
2894 3158 3119 3214 quaeque
3163 3148 3425 3202 redunda-

1824 3209 1864 3263 (ἶ
1896 3227 2043 3291 bant,
2080 3242 2177 3281 nec
2217 3236 2369 3281 erant
2418 3228 2471 3280 in
2502 3228 2791 3293 Hebraico,
2837 3209 3095 3302 appositis
3143 3237 3339 3301 obelis,
3365 3248 3427 3292 ut

1894 3317 2097 3370 invecta
2125 3319 2341 3372 notavit.
2381 3319 2557 3388 Atque
2585 3329 2644 3374 ut
2669 3322 3130 3380 emendationibus
3156 3328 3270 3382 suis
3291 3328 3427 3382 face-

1894 3414 1975 3461 ret
1996 3406 2172 3471 ﬁdem,
2203 3423 2308 3461 una
2336 3423 2456 3462 cum
2489 3409 2746 3466 Hebraico
2778 3411 3003 3467 aliorum
3046 3416 3427 3485 interpretatio-

1894 3510 1992 3549 nes
2018 3510 2048 3549 e
2079 3496 2296 3565 regione
2320 3498 2532 3565 posuit,
2560 3506 2620 3552 ut
2665 3500 2893 3569 quisque
2926 3501 3104 3557 videre
3144 3514 3322 3573 posset
3367 3521 3425 3561 se

1893 3598 1998 3637 non
2023 3584 2138 3637 sine
2165 3586 2482 3640 auctoritate
2507 3595 2560 3641 et
2602 3603 2790 3642 manca
2821 3592 3165 3646 resarcivisse
3188 3632 3203 3657 ,
3240 3602 3292 3648 et
3331 3610 3424 3648 διι-

1891 3673 2091 3740 perflua
2114 3674 2343 3742 praefixis
2371 3676 2539 3732 obeiis
2574 3686 2632 3731 ut
2662 3678 2876 3734 inducta
2912 3690 3145 3737 notasse.
3242 3720 3245 3723 -

1892 3761 1976 3815 HI.
2004 3763 2357 3839 An_llexapla
2381 3768 2523 3839 prius
2551 3783 2735 3839 quam_
2752 3768 3012 3839 Tetrapla.
3051 3771 3255 3826 Certum
3280 3775 3423 3827 vide-

1962 3840 2047 3882 tur
2076 3831 2312 3900 Tetrapla
2332 3831 2476 3897 prius
2504 3831 2655 3904 quam
2687 3831 2921 3906 Ilexapla
2954 3840 3213 3895 adornata
3234 3843 3415 3910 fuisse.

1960 3938 2223 4004 Quaeritur
2245 3940 2544 4009 Hexaplaue
2570 3944 2733 4010 prius,
2765 3962 2833 3999 an
2859 3946 3102 4017 Tetrapla
3129 3950 3420 4004 concinna-

1893 4029 2025 4081 verit
2041 4027 2315 4098 Origenes.
2336 4030 2484 4084 Multi
2503 4030 2747 4102 Tetrapla
2766 4034 3035 4101 praaivisse
3067 4048 3417 4096 censuerunt:

1891 4132 2074 4172 verum
2096 4128 2293 4189 pugnat
2321 4119 2581 4176 Henricus
2616 4121 2856 4178 Valesius
2883 4122 3163 4194 Origenem
3188 4126 3420 4196 Hexapla

1891 4207 2120 4264 edidisse
2147 4219 2270 4263 ante
2314 4225 2474 4279 quam
2522 4210 2785 4281 Tetraplis
2829 4228 3048 4268 manum
3094 4217 3418 4281 admoveret,

1890 4300 1992 4355 hoc
2017 4302 2175 4355 nixus
2206 4300 2419 4357 Eusebii
2466 4303 2770 4359 testimonio
2824 4303 2963 4358 Hist.
3005 4305 3129 4359 Eccl
3154 4308 3289 4363 .lib.
3336 4324 3418 4384 γι,

1889 4405 2005 4458 cap.
2030 4392 2094 4444 16
2122 4408 2134 4442 :
2170 4391 2377 4455 Ταύτας
2401 4391 2457 4443 δὲ
2491 4393 2703 4456 ἁπάσας
2746 4394 2836 4445 ἐπὶ
2874 4396 3061 4448 ταυτὸν
3089 4397 3419 4465 συναγαγὼν,

1888 4477 2070 4531 διελών
2100 4497 2158 4532 τε
2202 4481 2332 4550 πρὸς
2370 4480 2570 4547 κῶλον,
2615 4484 2707 4535 καὶ
2746 4484 3126 4553 ἀντιπαραθεὶς
3171 4487 3420 4557 ἀλλήλαις

1891 4568 2021 4636 μετὰ
2052 4571 2144 4622 καὶ
2189 4570 2354 4639 αὐτῆς
2394 4572 2490 4641 τῆς
2526 4571 2783 4641 Ἐϐραίων
2823 4575 3189 4643 σημειώσεως,
3215 4576 3282 4627 τὰ
3311 4575 3416 4627 τῶν

1885 4657 2182 4727 λεγομένων
2216 4658 2485 4723 Ἐξάπλῶν
2514 4662 2640 4730 ἡμῖν
2664 4661 2967 4731 ἀντίγραφα
2999 4663 3377 4715 καταλέλοιπεν
3398 4679 3410 4693 ·

1889 4746 2029 4809 ἰδίως
2064 4747 2158 4816 τὴν
2210 4747 2429 4802 Ἀκύλου
2472 4748 2562 4801 καὶ
2590 4750 2902 4819 Συμμάχου,
2944 4751 3036 4804 καὶ
3074 4751 3416 4815 Θεοδοτίωνος

1885 4833 2087 4889 ἔκδοσιν
2120 4837 2231 4906 ἅμα
2272 4840 2336 4908 τῇ
2366 4837 2472 4889 τῶν
2507 4840 2559 4891 O’
2586 4840 2641 4890 ὲν
2662 4842 2770 4901 τοῖς
2796 4839 3119 4909 Τετρπλοίς
3161 4842 3415 4893 ἐπικατα-

1887 4924 2165 4986 σκευάσας.
2201 4926 2329 4991 Qua:
2358 4928 2436 4982 sic
2461 4926 2549 4980 ille
2572 4930 2726 4981 vertit
2753 4945 2766 4979 :
2810 4928 2921 4981 Has
2950 4930 3112 4996 igitur
3139 4945 3311 4983 omnes
3332 4931 3414 4983 in-

1887 5017 2270 5083 terpretationes
2301 5033 2416 5070 cum
2442 5020 2493 5070 in
2516 5035 2673 5071 unum
2697 5034 2877 5084 corpus
2900 5018 3204 5087 collegisset,
3243 5031 3291 5073 et
3322 5034 3412 5086 per

1887 5114 2022 5159 certa
2046 5106 2156 5159 cola
2178 5123 2238 5159 ac
2262 5108 2485 5160 membra
2517 5109 2864 5173 distinxisset,
2891 5125 2995 5161 una
3021 5126 3135 5162 cum
3161 5111 3270 5177 ipso
3298 5110 3411 5162 He-

1884 5195 2055 5248 braico
2087 5205 2229 5251 textu
2251 5238 2265 5260 ,
2297 5196 2651 5266 Hexaplorum
2671 5197 2813 5250 nobis
2835 5200 3149 5268 exemplaria
3169 5199 3411 5266 reliquit;

1881 5296 2056 5354 postea
2084 5303 2199 5341 vero
2217 5287 2490 5342 editionem
2519 5289 2719 5358 Aquila:
2745 5299 2795 5342 et
2824 5288 3121 5359 Symmachi
3147 5306 3207 5342 ac
3244 5289 3408 5347 Theo,

1883 5377 2107 5431 dotionis
2127 5394 2239 5430 cum
2264 5377 2603 5445 Septuaginta
2635 5379 2979 5448 Interpretum
3025 5380 3248 5434 versione
3269 5392 3411 5431 seac-

1881 5483 1995 5520 sum
2022 5469 2077 5520 in
2104 5467 2354 5536 Tetraplis
2380 5466 2613 5535 digessit.
2639 5470 2761 5525 ideo
2781 5480 2955 5524 autem
2990 5468 3067 5521 sic
3094 5466 3404 5521 vertendum

1882 5569 1998 5610 esse
2017 5555 2254 5619 credidit,
2284 5554 2425 5621 quod
2453 5569 2637 5610 vocem
2669 5554 3198 5615 ἐπικατασκευάσας,
3241 5562 3405 5616 quam

1882 5645 1993 5712 ipse
2032 5658 2096 5698 ex
2147 5642 2518 5711 manuscriplis
2569 5661 2667 5714 pro
2696 5645 3053 5705 ἐπισκευάσας
3106 5634 3405 5695 substituit,

1882 5741 2087 5803 putaret
2122 5731 2418 5803 signiﬁcare
2438 5771 2454 5799 ,
2503 5732 2749 5794 Tetranla
2772 5742 2903 5804 post
2919 5733 3072 5788 edita
3093 5728 3277 5783 fuisse.
3330 5720 3409 5771 At
