3878 6350
567 419 642 476 93

565 535 680 591 si"e
730 533 1106 597 ἐπισκευάσας,
1148 531 1260 587 sive
1306 527 1804 590 ἑπικατασκευάσας
1854 527 2089 596 legatur,

567 627 710 679 hunc
733 638 849 677 esse
876 622 1106 675 arbitror
1132 622 1352 694 hujusce
1380 619 1482 674 loci
1517 634 1731 674 sensum
1763 636 1777 671 :
1824 615 2087 685 Hexaplo-

566 732 682 768 rum
701 713 847 767 nobis
874 712 1187 780 exemplaria
1223 712 1428 782 reliquit
1452 728 1471 765 :
1519 728 1635 764 cum
1666 711 1878 764 seorsim
1908 708 2089 762 editio-

563 817 678 855 nem
705 800 925 867 Aquilae,
959 799 1253 869 Symmachi
1304 810 1352 854 et
1390 800 1750 854 Theodotionis
1785 816 1900 854 cum
1938 796 2086 851 LXX

564 890 939 960 Interpretibus
967 894 1018 945 in
1046 892 1299 962 Tetraplis
1322 895 1634 963 digessisset.

629 983 878 1037 Aoristus
918 983 1059 1036 enim
1100 982 1203 1038 hoc
1251 983 1353 1037 situ
1406 982 1613 1050 positus
1662 997 1772 1036 rem
1823 989 2088 1050 postremo

561 1073 890 1128 enuntiatam
927 1072 1076 1142 prius
1117 1071 1310 1126 factam
1344 1086 1462 1125 esse
1498 1070 1742 1133 denotat,
1779 1085 1939 1139 quam
1970 1084 2087 1122 eam

564 1177 684 1230 qua:
702 1163 1016 1232 praecedenti
1039 1163 1200 1216 verbo
1230 1160 1516 1216 indicatur.
1540 1159 1663 1215 Haec
1685 1175 1810 1214 vero
1840 1159 2089 1229 loquendi

565 1251 736 1307 forma
766 1253 897 1307 adeo
943 1253 1098 1306 obvia
1139 1252 1278 1322 apud
1311 1251 1601 1321 scriptores
1629 1249 1842 1305 Graecos
1885 1260 1985 1312 est,
2034 1259 2091 1304 ut

562 1340 758 1393 mirum
786 1340 854 1393 sit
883 1339 1054 1394 virum
1088 1340 1300 1394 doctum
1337 1341 1391 1394 in
1429 1354 1487 1395 re
1522 1347 1627 1392 tam
1669 1349 1850 1408 aperta
1882 1338 2089 1407 lapsum

562 1444 700 1485 esse.
724 1428 812 1483 Sic
837 1431 973 1499 apud
1007 1432 1326 1485 Strabonem
1350 1432 1442 1487 lib.
1465 1447 1562 1486 xm
1586 1431 1697 1485 haec
1730 1430 1889 1483 verba
1914 1446 1930 1481 :
1964 1430 2090 1481 Ἀτ-

560 1520 718 1584 ταλος
745 1520 1007 1585 διεδέξατο
1031 1522 1127 1591 τὴν
1146 1522 1335 1591 ἀρχὴν,
1361 1524 1453 1575 καὶ
1477 1518 1810 1591 ἀνηγορεύθη
1845 1518 2091 1587 βασιλεὺς

562 1604 713 1674 οὗτος
746 1611 988 1684 πρῶτος,
1020 1613 1241 1680 νικήσας
1290 1613 1530 1673 Γαλάτας
1566 1611 1686 1682 νίκῃ
1733 1608 1973 1683 μεγάλῃ,
2015 1610 2093 1661 sic

563 1702 938 1770 explicantur:
991 1703 1195 1756 Attalus
1240 1704 1436 1770 excepit
1483 1702 1774 1769 imperium,
1814 1709 1862 1751 et
1894 1699 2089 1766 primus

563 1805 656 1845 rex
682 1791 1030 1860 proclamatus
1053 1802 1147 1855 est,
1171 1800 1438 1860 postquam
1466 1806 1703 1859 magnam
1722 1790 1989 1842 victoriam
2030 1786 2091 1838 de

564 1877 770 1936 Calatis
792 1892 1158 1949 reportaverat.
1175 1880 1308 1934 Nam
1332 1881 1451 1935 licet
1468 1882 1579 1934 haec
1595 1880 1810 1934 victoria
1829 1886 2092 1946 postremo

566 1968 685 2025 loco
715 1970 983 2026 enuntiari
1015 1970 1274 2034 videatur,
1311 1983 1373 2022 ex
1402 1969 1682 2039 perspicuo
1731 1976 1906 2020 tamen
1947 1975 2093 2020 noto-

566 2071 671 2125 que
696 2072 796 2110 usu
844 2057 929 2111 hic
973 2056 1285 2121 intelligitur
1338 2057 1613 2110 victoriam
1662 2056 1998 2124 praecessisse
2043 2062 2096 2108 et

569 2145 1027 2214 inaugurationem
1055 2157 1290 2201 secutam
1333 2161 1471 2199 esse.
1501 2144 1653 2199 Hunc
1704 2146 1828 2198 item
1879 2143 2094 2198 Eusebii

577 2232 753 2287 locum
783 2235 862 2289 sic
900 2235 1162 2303 intelligas
1192 2244 1419 2302 Oportet,
1452 2249 1514 2287 ac
1545 2233 1589 2287 si
1623 2233 1790 2288 series
1818 2235 1888 2286 ita
1919 2249 1975 2286 se
2003 2233 2097 2285 ba-

577 2322 744 2386 beret,
777 2323 916 2387 ἰδίως
941 2323 1035 2395 τὴν
1072 2324 1289 2377 Ἀκύλου
1320 2323 1410 2377 καὶ
1456 2323 1743 2394 Συμμάχου
1778 2325 1870 2375 καὶ
1910 2321 2095 2373 Θεοδο-

573 2412 759 2476 τίωνος
798 2412 999 2465 ἔκδοσιν
1041 2413 1153 2484 ἅμα
1183 2416 1247 2483 τῇ
1288 2413 1394 2465 τῶν
1424 2417 1476 2464 O’
1520 2413 1577 2463 ὲν
1616 2414 1726 2472 τοῖς
1774 2410 2097 2482 Τετραπλοῖς

567 2502 1080 2564 ιπικατασκευάσας,
1110 2501 1177 2552 τὰ
1202 2500 1309 2553 τῶν
1335 2500 1632 2571 λεγομένων
1677 2500 1946 2563 Ἑξαπλῶν
1969 2502 2096 2570 ἡμῖν

569 2589 866 2659 ἀντίγραφα
896 2589 1301 2641 καταλέλοιπεν
1332 2590 1383 2644 id
1412 2600 1510 2654 est,
1538 2607 1654 2643 cum
1676 2590 1888 2641 seorsim
1910 2589 2096 2640 editio-

572 2693 683 2731 nem
704 2678 926 2747 Aquilw,
966 2677 1261 2747 Symmachi
1304 2688 1352 2732 et
1394 2679 1754 2732 Tlieodotionis
1798 2694 1914 2731 cum
1948 2676 2094 2728 LXX

574 2765 943 2835 Interpretibus
983 2769 1039 2821 in
1071 2767 1324 2835 Tetraplis
1371 2769 1660 2837 digessisset
1685 2806 1700 2830 ,
1745 2766 2097 2834 Hexaplorum

573 2856 718 2909 nobis
747 2856 1063 2924 exemplaria
1089 2857 1313 2926 reliquit.
1342 2855 1591 2926 Nihilque
1610 2857 1770 2910 ollicit
1792 2857 1916 2910 huic
1938 2856 2099 2908 inter—

572 2946 873 3015 pretationi,
903 2962 1003 3001 vox
1029 2947 1319 3016 composita
1352 2948 1883 3009 ὲπικατασκευάσαςε
1914 2947 2097 3001 eadem

572 3036 769 3105 quippe
819 3037 955 3091 ratio
1000 3052 1150 3107 aeque
1181 3038 1318 3090 valet
1348 3038 1402 3090 in
1456 3037 1765 3105 compositis
1797 3037 2098 3106 quibusque

573 3134 734 3196 atque
766 3127 820 3180 in
849 3126 1198 3195 simplicibus,
1223 3142 1344 3181 cum
1377 3126 1466 3178 tali
1494 3126 1651 3179 modo
1681 3135 2023 3195 usurpentur.

639 3217 752 3283 Qua
776 3218 947 3287 posita
976 3217 1411 3286 interpretatione
1443 3216 1687 3285 Tetrapla
1739 3217 1878 3271 haud
1938 3218 2098 3272 dubie

574 3308 725 3377 prius
758 3322 918 3377 quam
947 3305 1180 3376 llexapla
1209 3307 1434 3361 ediderit
1454 3307 1727 3376 Origenes.
1766 3306 1827 3360 Et
1852 3309 1963 3361 haec
1989 3315 2100 3361 erat

574 3397 907 3452 eruditorum
950 3397 1130 3465 opinio
1161 3406 1443 3465 antequam
1490 3396 1766 3459 Valesius.
1805 3407 2100 3451 memorato

577 3486 792 3541 Eusebii
814 3487 931 3541 loco
961 3486 1146 3550 fultus,
1178 3500 1369 3539 novam
1395 3484 1639 3551 aperiret.
1664 3485 1744 3539 Ad
1768 3488 1878 3540 haec
1900 3497 2098 3551 autem,

578 3576 825 3646 Origenis
854 3586 977 3630 nota
1008 3576 1059 3629 in
1082 3584 1241 3644 caput
1272 3590 1410 3629 xum
1437 3575 1656 3632 Genesis
1682 3593 1734 3629 ν.
1768 3576 1820 3640 6,
1849 3591 2008 3644 quam
2035 3590 2101 3629 ex

579 3669 762 3724 codice
787 3667 1159 3735 Monspeliensi
1188 3668 1328 3721 eruit
1350 3665 1733 3731 Combelisius,
1783 3676 1943 3720 totam
1988 3669 2101 3720 sol-

580 3772 702 3811 vere
723 3757 1068 3825 quaastionem
1097 3755 1323 3808 videtur.
1370 3753 1498 3808 Eam
1543 3771 1699 3825 porro
1734 3756 1812 3809 sic
1841 3755 2103 3809 edidimus

579 3846 761 3901 eodem
788 3850 939 3900 loco:
974 3831 1185 3914 Ἐπειδὴ
1214 3846 1269 3897 ὲν
1292 3847 1402 3908 τοῖς
1425 3845 1778 3915 Τετραπλοῖς,
1810 3845 1868 3911 ἐξ
1907 3839 1980 3898 ὧν
2011 3847 2104 3899 καὶ

577 3936 639 3989 τὸ
664 3934 985 4005 ἀντίγραφον
1009 3934 1331 4004 μετελήφθη,
1360 3935 1493 4004 πρὸς
1509 3935 1597 3989 τὸν
1621 3936 1813 4007 εἱρμὸν·
1834 3936 1922 3989 τὸν
1949 3938 2004 3989 ἐν
2028 3936 2104 4005 τῷ

591 4025 854 4096 Ἐὁραῖκῷ
890 4026 982 4078 καὶ
1010 4028 1127 4088 ταῖς
1158 4025 1342 4088 ἄλλαις
1367 4025 1603 4078 ἐκδόσεσι
1638 4026 1900 4079 δείκνυται
1930 4030 2024 4080 καὶ
2070 4032 2104 4098 ή

578 4117 684 4170 τῶν
714 4116 1100 4187 Ἐὁδομήκοντα
1129 4116 1184 4169 ἐν
1209 4133 1315 4168 τισι
1346 4117 1522 4179 τόποις
1545 4118 1880 4185 μετατεθεῖσα
1897 4156 1911 4179 ,
1943 4118 2016 4180 ὡς
2039 4119 2106 4171 τὰ

583 4206 772 4276 πρῶτα
805 4207 1002 4276 ὕστερα
1027 4208 1118 4258 καὶ
1147 4205 1214 4258 τὰ
1242 4205 1437 4276 ὕστερα
1457 4207 1642 4276 πρῶτα
1660 4207 1906 4273 γενέσθαι
1929 4223 1942 4236 ·
1973 4208 2107 4276 ὅπερ

581 4298 676 4361 καὶ
703 4295 928 4348 ἐνταῦθα
964 4296 1153 4367 εὑρέθη
1186 4296 1424 4348 παθοῦσα
1443 4313 1456 4326 ·
1481 4296 1664 4348 τούτου
1686 4298 1842 4366 χάριν
1872 4296 2108 4367 παρεθή-

581 4401 755 4456 καμεν
786 4384 1094 4438 ἀκολουθίαν
1115 4402 1128 4415 ·
1162 4384 1273 4437 ἐστι
1297 4386 1351 4439 δὲ
1385 4385 1538 4455 αὕτη.
1570 4384 1677 4454 Τῷ,
1707 4384 2107 4457 Κάτοικήσομεν

583 4478 631 4530 οἱ
662 4476 841 4539 παῖδές
873 4492 963 4527 σου
1006 4477 1062 4528 ὲν
1092 4478 1160 4546 γῇ
1194 4477 1386 4547 Γεσὲμ,
1430 4477 1749 4531 συνάπτεται
1782 4478 1843 4529 τὸ
1863 4516 1878 4540 ,
1900 4474 2032 4530 Eine
2052 4478 2109 4531 δὲ

583 4566 778 4637 Φαραὼ
802 4565 876 4635 τῷ
914 4566 1126 4636 Ἰωσὴςρ,
1158 4568 1552 4635 κατοικήτωσαν
1580 4569 1636 4619 ὲν
1656 4570 1724 4637 γῇ
1749 4567 1940 4638 Γεσέμ.
1968 4568 2030 4619 El
2053 4568 2110 4620 δὲ

585 4657 796 4727 ἐπίστῃ,
823 4656 903 4707 ὃτι
924 4656 1056 4707 εἰσὶν
1081 4656 1136 4707 ὲν
1165 4656 1362 4718 αὐτοῖς.
1389 4655 1499 4709 Hoc
1531 4666 1611 4710 est
1640 4674 1654 4709 :
1687 4655 2109 4725 Quandoquidem

585 4748 640 4797 in
673 4744 947 4813 Tetraplis,
981 4746 1115 4797 unde
1132 4745 1389 4812 exemplar
1411 4755 1788 4813 transumptum
1812 4756 1908 4809 est,
1935 4762 2113 4800 secun-

587 4835 712 4888 dum
732 4838 914 4889 seriem
942 4835 1187 4889 Hebraici
1210 4838 1532 4905 aliarumque
1561 4836 1843 4888 editionum
1876 4837 2107 4889 ostendi-

591 4931 697 4985 tur,
749 4922 1083 4993 Septuaginta
1121 4924 1464 4993 Interpretum
1515 4926 1787 4978 editionem
1835 4925 2030 4993 aliquot
2059 4927 2110 4979 in

590 5014 719 5068 locis
748 5017 1112 5082 transpositam
1139 5016 1338 5085 fuisse;
1371 5014 1461 5068 ita'
1488 5024 1543 5067 ut
1575 5030 1689 5082 quae
1721 5015 1898 5083 priora
1942 5025 2109 5079 erant,

590 5102 882 5170 posterius;
907 5118 1019 5170 qua:
1064 5103 1366 5171 posteriora,
1409 5104 1553 5172 prius
1598 5102 1893 5155 locarentur
1930 5116 1950 5155 :
1977 5104 2112 5172 quod

591 5192 685 5243 hoc
728 5190 885 5242 etiam
909 5190 1020 5244 loco
1050 5195 1296 5247 accidisse
1343 5192 1770 5261 deprehenditur;
1799 5191 1914 5243 ideo
1942 5207 2113 5245 veram

591 5279 775 5331 seriem
810 5277 892 5329 hic
928 5281 1276 5345 opposuimus,
1322 5297 1436 5351 qua
1466 5281 1541 5335 sic
1571 5279 1739 5332 habet.
1784 5277 1884 5331 His
1909 5279 2071 5333 verbis
2095 5321 2111 5345 ,

591 5364 961 5420 Hahitabimus
987 5368 1136 5434 pueri
1165 5369 1239 5420 tui
1272 5371 1325 5422 in
1350 5379 1490 5424 terra
1526 5369 1715 5440 Gesem
1737 5405 1752 5429 ,
1789 5367 2115 5436 subjungitur

592 5453 725 5508 illud
742 5470 757 5507 :
774 5451 914 5505 Dixit
940 5463 1113 5507 autem
1135 5453 1341 5511 Pharao
1362 5456 1554 5526 Ioseph
1579 5472 1595 5510 :
1627 5455 1874 5510 Habitent
1900 5455 1954 5508 in
1977 5466 2114 5522 terra

593 5544 803 5600 Gesem.
858 5544 916 5597 Si
950 5556 1124 5599 autem
1175 5548 1421 5610 noveris,
1454 5547 1597 5617 quod
1627 5546 1735 5602 sint
1786 5546 1839 5599 in
1884 5546 1983 5608 eis,
2009 5555 2110 5601 etc.

593 5632 764 5700 Quam
811 5642 990 5687 notam
1037 5643 1096 5688 ut
1124 5644 1265 5689 recte
1311 5636 1593 5708 intelligas,
1638 5638 1899 5708 virgulam
1947 5652 2114 5705 ponas

594 5729 799 5791 oportet
828 5730 946 5790 post
974 5736 1152 5779 vocem
1175 5723 1494 5795 μετελήφθη,
1512 5728 1581 5782 ita
1599 5735 1656 5782 ut
1674 5726 1944 5797 sequentia
1970 5725 2102 5795 πρὸς

1893 402 2400 462 PRELIMINARIA

3662 394 3727 449 ει

2119 530 2163 584 Α
2188 525 2277 577 τὸν
2303 523 2508 593 εἱρμὸν,
2545 529 2671 584 etc.,
2714 520 3012 576 referantur
3037 516 3107 571 ad
3134 513 3444 573 δείκνυται,
3475 518 3530 564 et
3548 526 3731 567 sensus

2186 616 2273 677 sit,
2322 623 2594 666 ostensum
2641 620 2723 666 est
2774 607 3071 666 secundum
3132 605 3342 660 seriem
3370 600 3458 654 vel
3505 616 3571 653 ex
3600 607 3731 656 serie

2185 701 2429 755 Hebraici
2467 711 2520 755 et
2539 701 2763 755 aliarum
2793 699 3093 754 editionum
3117 734 3134 757 ,
3172 701 3387 747 textum
3423 689 3530 743 τῶν
3569 693 3621 742 0'
3646 690 3734 744 ali-

2183 800 2313 860 quot
2343 792 2395 845 in
2429 793 2557 847 locis
2584 791 2997 861 transpositam,
3023 797 3080 843 et
3121 791 3464 853 praepostere
3511 781 3735 834 locatum

2184 882 2377 946 fuisse;
2407 883 2647 936 videlicet
2677 882 2730 935 in
2758 890 2882 935 nota
2916 879 2986 933 ad
3015 877 3328 945 marginem
3368 871 3411 922 Τ
3416 870 3735 937 etraplorum

2183 972 2376 1043 pesita,
2399 987 2516 1042 quae
2534 971 2778 1026 monebat
2796 987 2858 1026 eo
2881 971 2998 1024 loco
3021 967 3223 1023 seriem
3252 960 3369 1014 τῶν
3387 962 3441 1014 0'
3480 960 3737 1012 turbatam

2182 1073 2235 1117 et
2256 1064 2634 1131 transpositam
2666 1076 2783 1116 esse
2820 1078 2833 1112 :
2866 1076 2986 1129 qua:
3019 1062 3338 1125 sequuntur
3364 1050 3534 1113 enim,
3559 1049 3739 1102 τούτου

2184 1152 2339 1225 χάριν
2369 1150 2750 1222 παρεθήκαμεν
2780 1146 3118 1209 ἀκολουθίαν,
3161 1144 3284 1197 ideo
3324 1150 3528 1192 rectam
3570 1141 3745 1192 seriem

2186 1243 2308 1313 (hic)
2341 1244 2700 1310 opposuimus,
2755 1249 2932 1308 aperte
2965 1238 3215 1291 indicant
3252 1235 3410 1286 illam
3456 1229 3745 1284 restitutio—

2184 1349 2305 1387 nem
2343 1342 2464 1402 post
2488 1333 2626 1386 edita
2670 1331 2913 1398 Tetrapla
2968 1328 3170 1382 factam
3233 1324 3437 1377 fuisse.
3497 1319 3594 1374 His
3640 1336 3750 1388 quae

2180 1424 2292 1492 jam
2319 1423 2544 1477 dicimus
2568 1420 2720 1474 [idem
2750 1419 2874 1473 facit
2896 1430 3020 1471 nota
3045 1415 3262 1471 codicis
3292 1412 3412 1464 RR.
3437 1408 3544 1462 PP.
3582 1406 3750 1461 Jesui-

2188 1523 2357 1567 tarum
2384 1511 2586 1580 collegii
2618 1509 2869 1564 Ludovici
2893 1508 3091 1576 Magni,
3123 1518 3298 1574 quam
3336 1499 3484 1554 infra
3516 1498 3750 1552 edemus.

2188 1601 2259 1656 lbi
2295 1618 2521 1670 namque
2561 1601 2755 1653 dicitur
2790 1598 3073 1666 Origeuem
3120 1593 3397 1662 Tetrapla
3426 1606 3528 1644 sua
3577 1604 3750 1642 corre~

2190 1692 2327 1744 xisse
2384 1698 2437 1742 et
2485 1689 2701 1743 scholiis
2743 1688 3077 1740 illustrasse:
3135 1699 3265 1752 quae
3322 1680 3543 1735 scholia
3592 1678 3750 1746 ipsius

2189 1777 2432 1845 Origenis
2454 1792 2612 1828 manu
2643 1775 2907 1842 descripta
2940 1774 3154 1827 viderat
3182 1772 3230 1825 is
3257 1769 3364 1839 qui
3412 1777 3604 1821 notam
3650 1764 3750 1817 edi-

2125 1844 2163 1896 Β
2190 1844 2463 1919 ιιίιξιιιιιιιι
2491 1879 2647 1932 porro
2672 1865 2791 1917 cod.
2838 1860 3259 1929 Monspeliensis
3306 1867 3507 1911 notam
3549 1854 3619 1909 ad
3664 1853 3741 1907 He

2192 1955 2346 2022 xapla
2390 1953 2632 2021 Origenis
2672 1952 2936 2021 pertinere
2972 1965 3081 2002 non
3134 1946 3575 2015 ambigendum.
3636 1939 3749 1993 Nan

2194 2045 2247 2097 in
2279 2042 2525 2110 llexaplis
2546 2042 2632 2095 ille
2662 2042 2774 2095 suis
2812 2040 2927 2094 loca
2954 2038 3330 2107 Septuaginta
3379 2035 3747 2102 interpretum

2193 2147 2311 2199 qua:
2336 2132 2420 2185 vel
2450 2131 2783 2184 librariorum
2815 2129 3092 2196 lapsu,vel
3114 2128 3227 2181 alio
3259 2141 3409 2181 casu
3439 2122 3750 2191 transposit:

2193 2220 2423 2286 inierant,
2455 2221 2627 2273 ordini
2669 2235 2767 2274 suo
2792 2204 3036 2272 restituit
3061 2257 3076 2282 ,
3126 2226 3188 2270 ut
3220 2215 3378 2271 infra
3425 2214 3750 2284 probabitur

2262 2308 2414 2374 Quod
2459 2319 2633 2362 autem
2677 2308 2730 2360 in
2787 2306 3052 2374 Tetraplis
3103 2307 3426 2360 editionem
3478 2302 3631 2357 LXX
3675 2318 3746 2355 no

2194 2398 2550 2452 emendaverit
2600 2395 2892 2465 Origenes,
2940 2394 3033 2449 sed
3085 2395 3153 2447 iis
3206 2408 3454 2447 manum
3509 2393 3749 2446 medica:

2196 2497 2378 2558 postea
2409 2487 2734 2548 admoverit,
2768 2500 2955 2554 nempe
2988 2498 3113 2539 cum
3140 2482 3401 2553 Hexapla
3454 2492 3514 2537 et
3560 2480 3750 2548 Octapl

2197 2579 2499 2639 adornaret,
2528 2576 2711 2630 multis
2738 2592 2801 2630 ex
2826 2575 2959 2629 locis
2975 2575 3410 2643 comprobatur.
3448 2573 3549 2627 Sic
3573 2573 3750 2640 psalm

2197 2683 2411 2729 Lxxxw,
2450 2666 2505 2718 in
2559 2676 2683 2721 nota
2727 2665 2790 2720 ad
2830 2665 2864 2735 ᾗ
2915 2665 2948 2718 5
2993 2664 3252 2732 superius
3296 2679 3470 2717 num.
3521 2665 3547 2717 1
3606 2664 3750 2717 allat:

2196 2756 2391 2809 dicitur
2429 2756 2603 2809 locum
2640 2756 2787 2808 illum
2831 2754 3079 2807 vitiatum
3125 2753 3349 2823 Μήτηρ
3395 2752 3572 2817 Σιὼν,
3624 2752 3750 2806 Man

2197 2845 2344 2911 Sion,
2391 2846 2482 2914 qui
2517 2845 2728 2912 respicit
2771 2842 3090 2898 Hebraicum
3129 2827 3325 2926 ῃηιιη,
3364 2843 3573 2897 haberi
3610 2844 3668 2897 in
3696 2842 3750 2895 Tt

2196 2936 2469 2998 traselido,
2501 2935 2614 2989 sive
2641 2936 2694 2987 in
2721 2933 3000 3002 Tetraplo;
3036 2948 3200 2987 secus
3232 2942 3441 2986 autem
3462 2934 3535 2987 in
3567 2932 3750 2987 Oetasi

2198 3027 2325 3089 lido,
2361 3026 2472 3080 sive
2506 3026 2559 3078 in
2605 3022 2857 3092 Octaplo,
2894 3023 2986 3077 ubi
3024 3034 3174 3077 recte
3216 3023 3574 3093 legebatur,
3624 3025 3703 3095 μὴ
3738 3042 3750 3058 ο

2122 3152 2166 3208 C
2202 3117 2356 3176 Σιὼν,
2387 3116 2613 3184 nunquid
2667 3114 2812 3176 Sion,
2844 3113 2968 3181 quia
2994 3112 3252 3167 videlicet
3298 3115 3468 3169 hunc
3501 3115 3699 3169 locum

2198 3206 2457 3274 Tetraplis
2501 3204 2809 3258 mendosum
2831 3243 2847 3267 ,
2878 3202 2931 3255 in
2961 3199 3205 3270 Octaplis
3230 3214 3446 3271 postea
3486 3205 3750 3259 emenda‘

2195 3299 2471 3368 Origenes.
2504 3298 2559 3349 ln
2577 3296 2714 3349 libro
2747 3302 2923 3348 autem
2951 3292 3055 3348 Job
3076 3293 3573 3362 frequentissima
3597 3311 3749 3350 mem

2197 3398 2384 3444 rantur
2414 3388 2527 3441 loca
2556 3401 2620 3440 ex
2653 3384 2915 3454 Tetraplis
2950 3387 3267 3452 desumpta,
3305 3385 3545 3455 quibus
3575 3386 3750 3440 demo

2198 3487 2400 3534 stratur
2428 3475 2564 3529 LXX
2598 3474 2943 3543 Interpretum
2996 3473 3333 3541 editionem,
3391 3492 3537 3546 quas
3587 3478 3666 3530 ab
3695 3474 3744 3529 Ο

2198 3584 2332 3638 gene
2372 3569 2426 3620 in
2472 3565 2730 3635 Tetraplis
2776 3565 2949 3634 posita
2977 3562 3181 3627 fuerat,
3238 3580 3375 3619 non
3436 3567 3750 3621 emendat:

2199 3659 2407 3723 fuisse;
2443 3659 2533 3712 sed
2582 3667 2635 3711 et
2663 3658 2947 3727 σφάλματα
2987 3666 3042 3711 et
3065 3666 3478 3725 praeposterus
3510 3659 3750 3713 lectioni

2199 3763 2318 3817 quae
2343 3746 2396 3799 in
2424 3746 2812 3814 exemplaribus
2834 3745 2941 3799 τῶν
2970 3747 3025 3798 0'
3053 3747 3373 3800 exstabant
3394 3787 3413 3811 ,
3459 3747 3704 3802 intacta

2200 3837 2556 3900 remansisse,
2602 3845 2657 3888 ut
2703 3835 2933 3904 quisque
2979 3834 3454 3891 animadvertere
3521 3839 3724 3908 possit

2201 3927 2342 3982 notis
2367 3927 2581 3992 nostris.
2622 3922 2970 3993 Exploratum
3003 3925 3190 3992 itaque
3237 3934 3338 3979 est
3382 3937 3636 3982 textum
3681 3926 3750 3982 ω

2202 4013 2548 4082 interpretum
2577 4014 2629 4065 in
2656 4011 2696 4063 Τ
2700 4012 2918 4079 etraplis
2939 4027 3045 4064 non
3069 4013 3462 4068 emendatum
3484 4014 3713 4082 fuisse,
3744 4035 3750 4069 :

2203 4112 2391 4173 postea
2421 4106 2474 4154 in
2502 4100 2748 4169 Hexaplis
2778 4101 2830 4153 id
2882 4100 3203 4168 praestitisse
3247 4100 3629 4171 Origenem.
3688 4106 3746 4172 ρ

2203 4204 2417 4264 propter
2437 4191 2524 4245 ubi
2551 4191 2616 4245 de
2636 4190 2959 4244 emendanda
2981 4189 3124 4243 LXX
3143 4189 3564 4261 lnterpretum
3588 4199 3750 4253 ἱεριὶι

2205 4282 2377 4351 agitur
2432 4279 2568 4348 apud
2617 4288 2859 4341 veteres,
2914 4277 3154 4346 Hexapla
3210 4295 3497 4351 semper,
3563 4285 3750 4341 Tetra

2206 4386 2472 4439 nunquam
2506 4369 2752 4423 citantur.
2780 4366 2916 4421 Hinc
2935 4378 3113 4421 autem
3145 4369 3458 4437 liquidum
3505 4387 3612 4432 est
3645 4378 3750 4433 Te:

2141 4457 2182 4510 ι)
2208 4463 2291 4532 pla
2322 4460 2470 4530 prius
2491 4474 2649 4527 quam
2682 4456 2901 4526 Oetapla
2920 4460 3061 4512 edita
3086 4460 3265 4514 fuisse
3296 4480 3314 4516 :
3351 4480 3515 4521 nam
3567 4470 3625 4525 si
3658 4470 3750 4527 He

2207 4554 2291 4622 pla
2317 4567 2437 4606 cum
2468 4550 2703 4605 editione
2733 4549 2936 4604 scilicet
2962 4549 3052 4602 illa
3069 4549 3183 4603 τῶν
3207 4554 3267 4604 0⁸
3312 4570 3348 4609 a
3397 4564 3671 4619 mendis
3728 4582 3750 4635 ι

2206 4653 2341 4714 gata,
2367 4639 2517 4709 prius
2542 4638 2796 4693 edidisset
2835 4638 3126 4707 Origenes;
3173 4655 3246 4693 an
3288 4649 3618 4706 credatur
3664 4656 3750 4726 ips

2204 4743 2388 4803 postea
2415 4746 2537 4786 cum
2561 4728 2803 4798 Tetrapla
2828 4728 3030 4790 ederet,
3065 4730 3238 4785 missa
3280 4735 3396 4790 illa
3452 4756 3665 4811 quam
3704 4762 3750 4803 ιε

2204 4824 2387 4878 labore
2410 4820 2798 4875 emaculaverat
2820 4816 3106 4887 Hexaplari
3137 4821 3443 4895 editione,
3499 4835 3710 4893 aliam

2205 4916 2540 4971 emendatam
2568 4922 2621 4968 et
2637 4913 2826 4968 erratis
2856 4912 3065 4981 plenam
3090 4914 3506 4979 posuisse?”
3536 4942 3750 4987 certe.

2207 5017 2350 5064 recta
2376 5007 2580 5061 ratione
2611 5013 2911 5074 pugnaret:
2950 5010 3005 5056 et
3036 5014 3311 5071 praeterea
3355 5012 3565 5074 locus
3621 5022 3750 5080 Eua

2208 5113 2363 5169 quem
2387 5110 2545 5165 supra
2566 5095 2965 5163 descripsimus,
2990 5107 3199 5146 necnon
3222 5110 3528 5168 sequens
3553 5110 3750 5187 Οι-ίεε

2207 5188 2260 5242 id
2301 5196 2479 5256 aperte
2525 5192 2762 5239 narrant.
2795 5182 2920 5272 Haec
2960 5190 3139 5272 autem
3195 5186 3511 5253 pluribus
3550 5182 3750 5272 prose

2214 5290 2418 5339 sumus,
2441 5273 2565 5344 quia
2593 5272 2855 5328 Henricus
2881 5270 3126 5326 Valesius
3148 5272 3348 5332 locum
3400 5270 3707 5351 Eusebii

2213 5381 2392 5436 peram
2423 5366 2819 5434 ίηιειιριιειιιιιιε,
2856 5360 3026 5416 doctis
3050 5360 3266 5431 aliquot
3296 5370 3484 5431 viris
3526 5381 3750 5444 fucun

2209 5462 2371 5511 cerat.

2379 5540 2467 5596 Ν.
2503 5540 2617 5604 Quo
2649 5549 2869 5605 tempore
2896 5537 3135 5607 Hexapla
3161 5544 3664 5617 conci-unave,“

2282 5628 2356 5684 De
2396 5637 2629 5727 tempore
2671 5641 2779 5694 quo
2830 5624 3070 5727 liesapla-
3107 5626 3445 5694 adornavit
3492 5606 3750 5727 agger

2212 5734 2433 5792 prorsus
2463 5717 2735 5772 ὰσύστατα
2765 5730 2948 5777 narrat
2978 5718 3356 5798 Epiphanius,
3396 5741 3532 5803 qui
3576 5717 3717 5820 δὶἶ,
