3878 6360
269 389 301 444 15

259 504 378 601 dinem
399 532 424 570 a
447 521 662 601 tempore
691 504 863 601 080:“
911 513 1005 568 ad
1038 533 1261 592 usque
1294 528 1596 601 imperium
1623 533 1756 587 Galli
1787 542 1839 587 et

229 588 453 668 rolusiani
495 611 544 654 et
585 598 726 653 ultra
785 596 1122 664 ﬂoruisse
1242 632 1320 674 ac
1371 588 1431 674 in
1476 623 1839 692 persecutione

187 700 343 765 Decii
371 695 509 750 multa
543 702 768 782 passum
800 728 820 752 ,
875 707 1117 766 neque
1157 713 1366 765 tamen
1417 713 1670 782 martyrio
1711 726 1840 764 con-

179 794 518 855 summatum,
550 779 880 834 Caesaream
933 798 1396 854 concessisse:
1431 779 1840 869 indeVJerosoly-

179 891 380 974 magn.
415 881 584 942 postea
646 869 876 972 Tyrum
912 891 936 928 :
1007 880 1175 945 ubi,
1229 889 1420 956 pergit
1465 889 1582 951 ille,
1623 899 1742 942 octo
1789 895 1843 941 et

173 963 384 1035 viginti
421 976 672 1015 annorum
709 961 919 1027 spatio
972 982 1314 1040 moratus,
1360 976 1594 1046 Hexapla
1629 992 1841 1044 compo-

172 1057 337 1124 5uit.
361 1053 474 1107 Haec
496 1051 885 1119 Epiphanius.
928 1060 1056 1126 qui
1107 1066 1331 1119 mirum
1368 1076 1624 1135 quantum
1658 1082 1686 1119 a
1716 1083 1841 1120 vero

167 1144 533 1214 abem'erii-
555 1140 695 1196 Nam
726 1159 901 1208 cum.
935 1146 1226 1208 Eusebio
1258 1165 1416 1219 teste,
1447 1155 1702 1224 Origenes
1741 1156 1840 1207 im-

171 1236 504 1320 perantibus
543 1233 704 1288 Gallo
765 1243 828 1287 el.
862 1234 1255 1306 Volusiano,
1311 1245 1404 1313 qui
1455 1260 1594 1298 anno
1643 1243 1842 1296 Christi

167 1327 320 1396 2.54
344 1326 454 1379 αεςί
483 1333 632 1386 sunt,
669 1323 929 1392 obierit,
1002 1331 1113 1384 vix
1172 1335 1352 1402 potuit
1403 1344 1520 1402 post
1549 1332 1691 1385 Decii
1718 1349 1838 1399 per-

171 1415 528 1485 secutionem
588 1413 726 1466 anni
769 1413 895 1468 9.3)"
972 1420 1181 1475 tribus
1241 1423 1399 1474 annis
1448 1422 1661 1475 vixisse.
1714 1420 1838 1475 June

163 1513 366 1585 igitur
391 1503 758 1558 doctissimus
808 1505 1383 1579 illustrissimusque
1422 1510 1674 1574 Hurtius,
1705 1512 1840 1579 reje-

169 1599 315 1662 cris
343 1593 629 1662 Epiphanii
679 1595 871 1656 notis,
901 1598 1157 1653 aliunde
1200 1600 1460 1654 calculum
1500 1608 1676 1668 petere
1721 1600 1841 1653 niti-

176 1703 303 1754 ιυπ·
317 1701 334 1740 :
348 1695 512 1751 utque
528 1685 1012 1752 probabiliorem
1037 1705 1109 1742 ea
1127 1691 1196 1745 de
1218 1706 1276 1744 re
1297 1691 1836 1754 statuatsententiam,

186 1781 281 1842 ad
313 1786 520 1843 tempus
549 1773 864 1829 Maximini
895 1794 1055 1846 opus
1098 1777 1458 1848 Hexaplorum
1495 1789 1742 1832 revocat:
1774 1795 1837 1833 ac

193 1873 482 1928 Caesareae
509 1865 856 1918 inchoatum
894 1905 914 1930 ,
975 1867 1116 1938 Tyri
1142 1879 1320 1922 autem
1361 1868 1644 1937 perfectum
1679 1867 1840 1921 fuisse

202 1956 492 2027 opinatur.
558 1956 638 2009 De
662 1965 834 2010 tanto
885 1968 1089 2013 autem
1131 1959 1338 2013 edendo
1373 1974 1528 2026 opere
1567 1958 1674 2027 jam
1716 1966 1842 2012 tunc

210 2045 496 2113 cogitasse
519 2043 833 2114 Origenem
870 2056 1066 2114 putat,
1097 2063 1221 2100 cum
1250 2046 1580 2100 Alexandria:
1607 2060 1842 2099 versare-

216 2148 358 2187 tur:
379 2131 695 2201 ibidemque
725 2135 1050 2188 nonnullas
1071 2134 1362 2202 Scripturaa
1384 2134 1839 2201 interpretationes

221 2221 516 2290 collegisse
541 2223 1019 2292 contulisseque:
1042 2239 1162 2292 qua:
1197 2223 1360 2277 totius
1382 2232 1660 2276 structura:
1681 2222 1839 2276 veluti

222 2311 541 2363 rudimenta
591 2311 795 2364 haberi
865 2321 1179 2378 poterant;
1239 2311 1427 2364 deinde
1478 2309 1729 2364 Czesareaa
1783 2310 1838 2362 in

218 2397 578 2466 Cappadocia
603 2399 685 2452 rei
714 2399 878 2452 serio
905 2414 1130 2451 manum
1159 2397 1496 2459 admovisse;
1524 2397 1839 2465 demumque

219 2485 373 2556 Tyri
396 2487 719 2540 absolvisse.
751 2487 856 2541 Sic
874 2488 971 2540 ille
1005 2486 1445 2556 Origenianorum
1466 2487 1558 2538 lib.
1582 2503 1620 2548 I,
1642 2501 1760 2554 cap.
1783 2487 1837 2552 5,

220 2591 379 2629 num
401 2575 456 2628 9..
485 2575 617 2645 Ejus
640 2578 821 2629 verba
875 2573 1089 2650 referre
1118 2590 1222 2627 non
1257 2573 1470 2643 pigebit.

333 2683 354 2716 ι
391 2665 772 2732 Tetraplorum
807 2674 870 2718 et
899 2663 1266 2732 Ilexaplorum
1289 2701 1303 2725 ,
1332 2678 1561 2731 quorum
1605 2663 1833 2715 mentio-

229 2769 390 2806 nem
422 2753 548 2807 fecit
596 2753 886 2808 Eusebius
930 2754 1029 2806 lib.
1079 2769 1129 2805 vr
1181 2752 1419 2815 Ηὶειον..
1457 2768 1575 2820 cap.
1618 2753 1700 2816 l6,
1750 2754 1834 2806 cui

237 2844 492 2911 tempori
523 2843 881 2913 adjuugenda
916 2846 988 2897 sit
1025 2842 1351 2910 descriptio,
1395 2850 1626 2896 statuere
1655 2857 1834 2910 prom-

234 2942 413 2998 ptum
448 2947 552 2984 non
577 2941 679 2985 est.
717 2931 960 2985 Factum
1005 2931 1058 2984 id
1096 2929 1400 2999 signiﬁcare
1433 2933 1638 2984 videtur
1669 2931 1835 2984 Euse-

241 3019 389 3072 bius
428 3021 596 3073 multo
639 3030 946 3088 antequam
980 3019 1311 3072 Alexandria
1353 3019 1605 3089 Origenes
1647 3036 1832 3076 exces-

239 3108 458 3196 sisset,
487 3119 617 3164 tunc
647 3111 919 3162 nimirum
969 3124 1096 3161 cum
1142 3109 1486 3163 Ambrosium
1521 3111 1586 3162 ad
1635 3111 1829 3164 Christi
1859 3141 1898 3196 ο

235 3194 422 3252 ﬁdem
463 3199 846 3253 convertebat.
903 3197 1245 3274 Epiphanius
1295 3209 1469 3252 autem
1513 3199 1635 3269 Tyri
1683 3200 1832 3253 lucu-

233 3283 418 3340 btata
445 3304 506 3341 ea
549 3304 660 3341 non
702 3288 874 3341 semel
905 3288 1260 3341 asseveravit.
1294 3287 1404 3356 Ego
1429 3304 1552 3342 vero
1582 3289 1724 3342 aliud
1755 3289 1831 3343 rei

233 3371 390 3429 huic
435 3385 649 3445 tempus
681 3377 909 3444 deputo,
962 3377 1186 3443 quando
1237 3377 1459 3442 scilicet,
1495 3376 1832 3432 Christianos

235 3475 496 3518 vexante
537 3465 837 3518 Maximino
857 3507 871 3527 ,
898 3463 1206 3518 Caesaream
1237 3464 1584 3533 Cappadocia:
1621 3467 1684 3519 ad
1714 3467 1831 3519 Fir-

235 3554 553 3607 milianum
587 3554 836 3623 coal‘ugit
875 3553 1164 3624 Origenes.
1198 3555 1241 3606 A
1285 3553 1494 3608 Juliana
1527 3556 1665 3608 enim
1704 3556 1834 3608 libe-

234 3642 451 3696 raliter
469 3656 724 3713 exceptus
751 3655 805 3698 et
830 3647 1000 3698 domo
1032 3653 1086 3697 et
1115 3643 1431 3696 bibliotheca
1458 3659 1488 3697 a
1512 3644 1832 3713 Symmacho

235 3728 400 3782 olim
448 3732 714 3785 instructa
744 3771 760 3794 ,
811 3733 883 3785 ad
932 3747 1057 3784 eam
1107 3731 1299 3783 deinde
1348 3730 1670 3784 haereditatis
1712 3731 1830 3798 jure

238 3821 586 3874 transmissa
606 3863 620 3884 ,
653 3832 851 3875 nactus
885 3822 1000 3874 illic
1032 3829 1115 3873 est
1148 3819 1436 3887 Scripturaa
1465 3835 1630 3874 sacra:
1654 3836 1832 3873 exem-

237 3908 440 3970 plaria
460 3949 474 3972 ,
501 3911 696 3977 quibus
732 3926 872 3963 usus
916 3908 1097 3962 fuerat
1126 3908 1500 3976 Symmachus.
1546 3906 1680 3959 Tum
1709 3922 1832 3960 vero

235 3995 486 4048 codices
517 3999 692 4063 ipsum
739 3996 1062 4050 conﬂixisse
1109 3996 1246 4048 inter
1293 4010 1352 4048 se
1403 4005 1455 4048 et
1493 3996 1832 4062 conjunxisse

234 4082 546 4141 probabile
573 4093 696 4136 est:
735 4085 831 4136 sed
867 4099 992 4136 cum
1033 4081 1334 4135 institutum
1366 4096 1501 4149 opus
1542 4096 1636 4149 per
1665 4098 1834 4151 angu-

240 4172 409 4225 ‘tias
451 4174 702 4240 temporis
733 4175 806 4226 ibi
840 4172 1125 4225 absolvere
1157 4186 1259 4223 non
1305 4179 1503 4238 posset,
1531 4185 1828 4236 supremam

245 4252 384 4323 ipsi
426 4275 638 4313 manum
682 4262 737 4313 in
779 4263 894 4314 otio
933 4259 1100 4329 Tyrio
1145 4260 1484 4326 imposuisse.
1531 4257 1644 4311 Non
1691 4259 1831 4327 quod

237 4343 351 4400 de
378 4348 440 4402 iis
466 4352 726 4418 cogitasse
758 4349 1056 4419 Origenem
1092 4359 1202 4402 tum
1231 4349 1461 4416 primum
1495 4361 1668 4416 putem
1696 4367 1710 4412 ;
1739 4349 1830 4402 sed

1501 417 1566 470 IN
1603 416 1915 472 HEXAPLA
1951 414 2277 472 ORIGENIS.

3381 407 3446 462 26

1867 541 1910 596 Α
1939 533 2240 604 Symmachi
2267 523 2650 596 interpretatio.
2681 522 2905 578 Eusebio
2932 520 3106 574 itidem
3133 518 3445 587 astipulatur

1934 621 2288 690 Epiphanius,
2331 616 2571 672 scribens
2615 613 2799 666 haeresi
2841 626 2993 672 utv,
3022 623 3136 676 cap.
3175 609 3237 670 5,
3264 606 3444 675 Orige-

1935 725 2054 764 nem
2104 707 2498 761 lucubrationes
2531 715 2658 754 suas
2700 700 2753 752 in
2803 699 3167 765 Scripturam,
3214 696 3443 763 impulsu

1935 797 2200 851 Ambrosii
2229 802 2521 862 susceptas,
2543 790 2608 842 ab
2637 788 2883 856 Hexaplis
2905 787 3066 840 fuisse
3087 784 3441 852 auspicatum:

1936 888 2006 938 Τὸ
2031 886 2270 955 πρῶτον,
2305 882 2503 950 inquit,
2542 876 2696 932 αὐτοῦ
2744 875 3005 943 ἐπιμελῶς
3043 873 3446 942 ἐφιλοτιμήσατο

1938 975 2250 1039 συναγαγεῖν
2274 970 2378 1023 τῶν
2411 969 2466 1034 ἓξ
2489 965 2801 1036 ὲρμηνειῶν.
2844 964 3001 1031 Atqui
3041 975 3164 1015 tunc
3195 962 3445 1030 temporis

1935 1061 2266 1114 Alexandria:
2309 1058 2636 1111 versabatur.
2693 1048 3032 1119 Retorquebit
3079 1059 3442 1118 argumentum

1936 1146 2128 1212 aliquis
2151 1185 2163 1204 ,
2190 1153 2242 1196 et
2278 1143 2448 1207 dicet,
2481 1141 2579 1194 hoc
2620 1148 2848 1206 tempore
2877 1153 2965 1190 sex
2992 1137 3444 1203 interpretationes

1935 1231 1988 1284 in
2019 1246 2180 1284 unum
2207 1230 2452 1297 colligere
2478 1241 2580 1278 non
2602 1225 2834 1293 potuisse
2859 1221 3154 1291 Origenem,
3174 1222 3263 1289 qui
3287 1223 3441 1275 etiam

1937 1329 2047 1373 tum
2097 1318 2396 1388 Symmachi
2449 1313 2877 1382 interpretatione
2919 1322 2970 1365 et
3017 1312 3241 1365 editione
3288 1310 3444 1365 Sexta

1937 1417 2160 1464 careret.
2198 1407 2505 1474 Respondeo
2549 1403 2899 1470 llexaplorum
2941 1399 3444 1468 coagmentationem

1935 1504 2109 1546 mente
2140 1493 2505 1562 praeformasse
2532 1491 2728 1558 ipsum,
2772 1504 2891 1541 cum
2920 1495 3058 1540 eSSet
3081 1486 3441 1548 Alexandriae,

1937 1597 2039 1633 non
2076 1581 2189 1648 ipsa
2227 1588 2615 1646 coagmentasse
2639 1615 2652 1638 ,
2700 1590 2818 1628 cum
2849 1573 3080 1626 nondum
3127 1573 3444 1639 exemplaria

1934 1669 2152 1724 haberet
2176 1669 2238 1722 ad
2262 1684 2473 1721 manum
2496 1685 2508 1719 :
2539 1667 2626 1720 sed
2653 1666 2761 1734 jam
2786 1663 2904 1716 inde
2927 1663 3053 1728 ipsis
3074 1661 3447 1726 investigandis

1935 1773 2146 1825 operam
2174 1758 2399 1810 dedisse.
2431 1754 2611 1822 Itaque
2639 1769 2743 1806 non
2773 1753 2900 1807 dicit
2927 1751 3253 1820 Epiphanius
3292 1752 3448 1823 συνή-

1869 1846 1909 1898 Β
1936 1867 2130 1919 γαγεν;
2159 1852 2267 1916 sed,
2302 1849 2706 1918 ἐφιλοτιμήσατο
2735 1847 3064 1913 συναγαγεῖν.
3102 1863 3121 1895 ρ

2007 1941 2094 1992 Sic
2140 1941 2221 1992 vir
2265 1939 2655 1993 eruditissimus
2687 1937 2986 2004 opinionem
3032 1951 3179 1987 suam
3212 1947 3450 1988 asserere

1935 2029 2142 2082 nititur.
2183 2027 2276 2081 His
2306 2035 2479 2080 autem
2528 2032 2784 2094 repugnat
2813 2023 3179 2076 Tillemontius
3200 2063 3215 2086 ,
3246 2024 3334 2092 qui
3365 2031 3448 2075 ta-

1935 2135 2054 2172 men
2086 2130 2138 2172 et
2163 2120 2273 2187 ipse
2299 2117 2452 2187 quasi
2480 2115 2789 2170 hariolando
2823 2129 2930 2166 rem
2961 2113 3028 2165 ita
3059 2123 3360 2180 pertractat,
3391 2122 3450 2168 ut

1933 2209 2126 2266 dubius
2171 2209 2332 2260 lector
2378 2205 2579 2273 ignoret
2613 2204 2700 2257 ubi
2737 2203 2860 2271 ligat
2887 2202 3091 2271 pedem.
3135 2201 3259 2270 Ejus
3291 2203 3448 2256 verba

1935 2302 2011 2355 sic
2039 2299 2222 2350 Latina
2254 2294 2494 2347 facimus.

2008 2405 2026 2436 ι
2060 2385 2185 2437 Post
2211 2381 2477 2434 Valesium
2523 2379 2742 2433 Huetius
2775 2377 3038 2432 existimat
3067 2375 3298 2444 Hexapla
3327 2373 3448 2428 Ori-

1935 2489 2116 2544 genem
2149 2472 2379 2526 edidisse
2411 2479 2691 2538 antequam
2721 2469 2960 2536 Tetrapla
3000 2468 3357 2521 concinnaret.
3391 2464 3446 2518 Si

1934 2563 2004 2616 ita
2051 2577 2108 2616 se
2153 2577 2238 2614 res
2268 2561 2489 2623 habeat,
2535 2575 2638 2612 non
2689 2559 2859 2627 petuit
2907 2557 3159 2626 Origenes
3205 2555 3450 2622 Hexaplis

1934 2666 2148 2705 manum
2185 2650 2466 2702 admovere
2497 2658 2777 2715 antequam
2811 2647 3178 2698 Alexandriam
3213 2660 3270 2699 se
3317 2644 3451 2697 reci-

1933 2751 2100 2810 peret,
2139 2740 2278 2808 quod
2305 2738 2493 2792 accidit
2523 2752 2662 2789 anno
2687 2738 2809 2800 251,
2841 2735 3262 2804 quandoquidem
3293 2732 3451 2786 Sexta

1932 2831 2138 2894 versio,
2167 2844 2324 2897 quam
2363 2829 2415 2880 in
2459 2821 2705 2894 HeXaplis
2737 2827 2961 2888 locavit,
2994 2839 3132 2875 anno
3164 2822 3450 2874 Alexandri

1934 2916 2111 2971 Severi
2142 2917 2392 2984 septimo,
2435 2927 2493 2968 ut
2519 2922 2700 2966 narrat
2727 2911 3069 2980 Epiphanius,
3100 2919 3303 2978 reperta
3334 2917 3449 2972 est,

1937 3007 1988 3060 id
2016 3016 2096 3060 est
2132 3019 2272 3058 anno
2303 3004 2499 3057 Christi
2527 3002 2649 3064 2‘28,
2676 3002 2757 3053 vel
2787 3000 2990 3052 tantillo
3015 3008 3168 3051 antea
3193 3005 3447 3064 tempore.

1932 3097 2063 3150 Cum
2092 3104 2264 3148 autem
2299 3091 2584 3160 Septimam
2617 3103 2828 3158 quoque
2860 3089 3141 3140 editionem
3161 3126 3175 3148 ,
3206 3101 3323 3154 quae
3350 3100 3449 3139 suo

1931 3185 2041 3237 ha-c
2071 3191 2273 3251 reperta
2302 3181 2429 3245 fuit,
2467 3181 2517 3232 in
2545 3177 2792 3244 Ilexaplis
2819 3177 3050 3245 posuerit
3073 3215 3087 3238 ,
3115 3191 3176 3227 ac
3203 3175 3364 3226 variis
3392 3188 3449 3225 a-

1928 3276 2122 3344 gitatus
2166 3273 2421 3342 negotiis,
2465 3279 2745 3336 antequam
2787 3269 3076 3321 Caesaream
3116 3272 3315 3334 peteret
3339 3278 3444 3317 ιιοοι

1911 3373 2014 3418 sat
2042 3364 2133 3416 otii
2163 3372 2349 3415 nactus
2384 3360 2546 3412 fuisse
2577 3359 2850 3422 videatur;
2882 3357 2990 3409 veri
3016 3370 3143 3409 sane
3168 3354 3337 3408 simile
3361 3362 3443 3408 est

1928 3467 2046 3505 eum
2080 3451 2132 3503 in
2162 3451 2260 3503 hac
2299 3449 2428 3501 urbe
2463 3447 2694 3514 Hexapla
2724 3460 2971 3499 exorsum
2994 3460 3130 3497 esse.
3163 3442 3282 3496 Haec
3320 3457 3445 3494 vero

1928 3540 2180 3608 temporis
2211 3538 2343 3591 ratio
2373 3553 2490 3590 cum
2523 3534 2800 3603 Epiphanii
2833 3533 3133 3586 narratione
3165 3531 3448 3585 convenire

1930 3629 2153 3692 videtur,
2174 3626 2262 3694 qui
2281 3626 2352 3678 ait
2372 3627 2544 3692 ipsum
2568 3622 2796 3689 Hexapla
2824 3636 3068 3674 exorsum
3096 3635 3212 3674 esse
3235 3619 3449 3687 quando

1929 3716 2122 3786 Tyrum
2154 3731 2211 3769 se
2237 3715 2471 3782 recepit;
2507 3720 2559 3765 et
2589 3711 2771 3779 viginti
2805 3720 2924 3763 octo
2957 3710 3110 3762 anuis
3152 3708 3275 3761 huic
3305 3707 3449 3775 operi

1927 3807 2222 3859 insudasse.
2257 3803 2448 3857 Verum
2478 3812 2536 3855 ut
2564 3803 2676 3855 haec
2699 3801 2987 3855 consistere
3011 3807 3248 3868 possent,
3279 3812 3448 3850 annos

1928 3893 2219 3945 octodecim
2249 3906 2344 3957 pro
2373 3889 2558 3958 viginti
2588 3898 2708 3940 octo
2743 3888 3015 3956 legendum
3059 3896 3228 3948 esset,
3261 3895 3312 3938 et
3351 3901 3444 3952 pro

1929 3981 2066 4049 Tyro
2103 3979 2395 4031 Caesaream
2433 3975 2857 4029 substitue-udum
2903 3973 3076 4026 foret:
3119 3974 3207 4025 ubi
3241 3973 3448 4025 videtur

1929 4068 2179 4137 Origenes
2211 4066 2389 4120 sedem
2420 4065 2660 4133 posuisse
2687 4063 2752 4115 ab
2782 4077 2920 4115 anno
2949 4063 3044 4114 251
3079 4063 3144 4115 ad
3168 4061 3290 4115 250.
3317 4061 3450 4114 Nam

1929 4161 1972 4212 si
2004 4158 2120 4210 vitae
2147 4157 2333 4210 seriem
2365 4155 2625 4217 attendas,
2654 4154 2827 4206 statim
2855 4153 3001 4206 dicas
3026 4152 3302 4220 Origenem
3342 4165 3450 4206 non

1927 4247 2162 4316 potuisse
2184 4244 2309 4314 Tyri
2339 4258 2508 4296 annos
2529 4242 2596 4295 28
2618 4243 2962 4294 commorari:
2987 4241 3254 4308 multoque
3276 4240 3453 4296 minus

1929 4337 2009 4390 ha:
2041 4334 2212 4404 Tyriae
2255 4349 2417 4386 mora:
2464 4341 2583 4399 post
2623 4331 2767 4384 Decii
2810 4331 3224 4397 persecutionem
3271 4329 3450 4382 consi-

235 4431 607 4492 Alexandria:
641 4439 880 4492 fortasse
913 4439 1066 4506 prius
1098 4439 1278 4490 animo
1307 4437 1619 4500 informata,
1652 4439 1828 4492 Caesa-

1930 4424 2078 4494 gnari
2103 4431 2345 4492 possunt,
2370 4422 2423 4475 id
2455 4422 2578 4475 licet
2612 4419 2796 4473 fecerit
2826 4419 3180 4487 Epiphanius:
3209 4419 3451 4486 quando-

239 4531 387 4576 παις
407 4525 752 4593 Cappadocia:
783 4528 1059 4589 inchoata,
1085 4525 1308 4577 Athenis
1333 4534 1384 4578 et
1406 4524 1655 4578 Caesareae
1685 4525 1827 4579 Stra-

243 4616 424 4668 lonis
463 4616 663 4678 aﬂ‘ecta,
703 4633 770 4670 ac
815 4616 943 4685 Tyri
979 4618 1198 4669 deruunt
1247 4617 1475 4669 arbitror
1516 4615 1680 4670 fuisse
1712 4633 1828 4685 per-

241 4693 441 4753 r-ecta.
474 4702 544 4754 Ita
578 4703 815 4756 Eusebio
865 4703 1190 4756 conciliatur
1225 4699 1568 4769 Epiphanius,
1599 4718 1826 4770 quorum

250 4781 384 4839 ille
412 4790 631 4858 aliquam
680 4793 736 4845 in
774 4790 1179 4845 concinnandis
1211 4788 1456 4857 ilexaplis
1499 4791 1832 4846 Alexandria:

255 4886 501 4940 mperam
531 4879 595 4932 ab
621 4879 855 4948 Origene
879 4879 1119 4947 positam
1151 4877 1354 4929 videtur
1381 4879 1708 4945 signilicare;
1744 4880 1829 4934 hic

259 4958 418 5033 Ἴ]ιί
443 4965 601 5022 luisse
625 4971 927 5037 composita
965 4977 1156 5034 aperte
1184 4965 1374 5029 docet;
1402 4968 1539 5033 quod
1570 4968 1641 5021 ita
1677 4969 1832 5022 intel-

262 5049 551 5121 ligendum
581 5070 680 5122 est,
715 5075 828 5114 non
855 5057 986 5127 Tyri
1020 5055 1202 5109 solum
1239 5069 1297 5106 ea
1331 5055 1627 5110 elaborasse
1653 5056 1833 5127 Orige-

299 5155 438 5207 mem,
460 5148 541 5199 sed
565 5148 617 5199 in
653 5148 716 5200 iis
744 5149 910 5201 etiam
943 5145 1085 5198 locis
1111 5142 1168 5193 in
1201 5143 1392 5208 quibus
1430 5156 1546 5195 octo
1571 5156 1620 5198 et
1649 5146 1831 5213 viginti

331 5237 423 5282 ante
453 5246 656 5288 mortem
693 5237 855 5288 annis
895 5241 1160 5286 versatus
1193 5241 1308 5291 est,
1339 5244 1467 5294 quos
1502 5229 1829 5299 Tyri'trans-

340 5323 441 5372 actos
453 5337 707 5391 perperam
732 5321 1085 5390 Epiphanius
1109 5315 1358 5370 credidit.
1381 5315 1574 5371 Firmat
1599 5331 1831 5376 nostram

335 5407 629 5473 conjecturam
655 5415 800 5481 quod
830 5413 912 5464 ait
934 5407 1220 5461 Eusebius
1238 5403 1327 5455 lib.
1347 5419 1412 5456 vr.
1438 5405 1578 5462 Hist.
1602 5425 1715 5476 cap.
1749 5412 1831 5478 i7,

331 5482 581 5557 Symmachi
612 5497 1137 5568 interpretationem
1172 5491 1227 5542 in
1260 5487 1474 5545 Iuliana;
1505 5493 1832 5553 Bibliotheca

323 5573 545 5658 Origene,"
594 5591 890 5658 repel-isse.
951 5582 1221 5635 Nondum
1271 5578 1443 5646 itaque
1480 5581 1707 5653 Hexapla
1752 5590 1832 5642 vel

319 5659 515 5750 rttrapla
555 5680 995 5737 concinnaverat
1023 5709 1041 5735 ,
1078 5681 1319 5736 quorum
1353 5683 1466 5736 pars
1507 5688 1688 5744 magna
1729 5677 1833 5733 fuit

1929 4514 2138 4581 quidem
2171 4510 2419 4579 Origenes
2446 4517 2564 4578 post
2587 4525 2701 4563 eam
2732 4509 3148 4576 persecutionem
3177 4508 3264 4559 vix
3293 4507 3453 4558 trien-

1925 4604 2014 4656 nio
2045 4603 2198 4655 vixit.
2244 4600 2437 4654 Verum
2476 4602 2576 4654 hoc
2615 4599 2782 4667 posito
2829 4613 3006 4650 rerum
3054 4606 3452 4665 temporumque

1926 4695 2130 4758 ordine,
2161 4695 2344 4762 ingens
2369 4691 2494 4743 hinc
2522 4690 2692 4743 oritur
2715 4686 3013 4750 diliicultas,
3042 4687 3179 4754 quod
3212 4685 3452 4737 videatur

1926 4785 2176 4852 Origenes
2202 4783 2308 4849 jam
2343 4779 2573 4846 llexapla
2592 4777 2670 4830 vel
2688 4775 2929 4843 Tetrapla
2963 4791 3057 4827 sua
3086 4775 3311 4826 edidisse
3330 4789 3450 4827 cum

1927 4872 2066 4926 Julio
2112 4872 2362 4924 Africano
2409 4868 2654 4936 scripsit,
2682 4880 2800 4934 qua:
2842 4873 3014 4917 tamen
3061 4863 3282 4930 epistola
3311 4877 3454 4916 anno

1929 4961 2030 5014 2'28
2059 4962 2178 5013 data
2210 4961 2374 5014 fuisse
2399 4959 2623 5012 videtur.
2648 4957 2704 5009 in
2736 4956 2821 5008 illa
2847 4955 3044 5021 quippe
3064 4953 3283 5020 epistola
3312 4951 3454 5005 Afri-

1929 5068 2062 5106 cano
2093 5061 2271 5105 narrat
2298 5066 2355 5103 se
2387 5049 2582 5118 ingenti
2619 5047 2795 5100 labore
2826 5043 3067 5101 Hebraici
3103 5052 3156 5096 et
3191 5041 3329 5096 LXX
3369 5041 3453 5096 ln-

1933 5151 2216 5210 terpretum
2259 5141 2437 5193 varias
2478 5138 2765 5199 lectiones,
2802 5133 2938 5186 facta
2979 5133 3256 5201 utriusque
3292 5132 3454 5186 colla-

1933 5231 2073 5283 tione
2105 5229 2377 5295 collegisse
2395 5267 2408 5290 ,
2440 5241 2605 5293 eaque
2634 5225 2698 5277 de
2730 5237 2892 5276 causa
2918 5227 3093 5276 varias
3119 5236 3306 5275 omnes
3334 5222 3452 5274 edi-

1929 5321 2101 5374 tiones
2122 5317 2528 5377 examinavisse,
2559 5315 2650 5367 ubi
2685 5329 2811 5368 sane
2840 5313 3083 5380 Tetrapla
3109 5313 3237 5366 satis
3275 5320 3455 5376 aperte

1932 5409 2164 5461 iudicare
2213 5406 2438 5458 videtur.
2496 5401 2645 5466 Quod
2695 5403 2738 5457 si
2773 5403 2882 5455 lucc
2913 5401 3155 5469 Origenis
3191 5397 3344 5449 verba
3387 5396 3454 5446 de

1932 5495 2068 5548 LXX
2092 5511 2208 5549 cum
2237 5493 2401 5547 obelis
2428 5499 2479 5542 et
2509 5491 2778 5545 asteriscis
2807 5490 3038 5542 editione
3077 5483 3292 5549 intelligi
3322 5495 3450 5547 pos-

1932 5598 2079 5650 sent,
2119 5598 2274 5652 quam
2320 5582 2371 5633 in
2404 5578 2586 5632 eadem
2620 5581 2836 5648 epistola
2869 5577 3285 5632 commemorat,
3337 5567 3453 5619 haec

1930 5677 2092 5732 editio
2121 5687 2248 5730 sane
2294 5668 2507 5724 nonnisi
2549 5680 2672 5741 post
2713 5671 2954 5739 Tetrapla
3001 5656 3303 5721 concinnari
3353 5667 3448 5718 po-
