3878 6352
245 384 278 443 tl

244 485 275 564 ἲ,
287 520 374 590 ρ..
391 518 564 573 mm;
587 511 893 599 Tetrapla,
946 519 1104 599 Heg:

568 592 656 648 ril,
684 592 968 657 itemque
1016 592 1371 676 Εητὶεαριᾶ.

152 1256 299 1313 sio,
322 1261 349 1299 e
374 1247 573 1315 regione
598 1248 886 1317 proxime
912 1259 1298 1324 sequebatur
1332 1262 1632 1333 Symmachi
1662 1266 1817 1319 inter-

154 1336 429 1422 pretatio,
458 1345 647 1404 postea
677 1337 846 1392 LXX
908 1341 1342 1417 Inter-prelum,
1365 1360 1630 1420 postremo
1656 1352 1818 1409 Theo-

153 1427 435 1496 dotionis.
465 1427 522 1480 In
551 1430 663 1484 hoc
693 1439 907 1486 autem
942 1436 1077 1491 situ
1112 1454 1226 1493 non
1256 1440 1394 1494 ratio
1416 1445 1686 1511 temporis,
1711 1459 1816 1510 quo

150 1518 409 1588 ,ingulaa
430 1518 961 1587 interpretationes
993 1528 1174 1582 editae
1196 1529 1423 1594 fuerant,
1451 1532 1820 1600 spectabatur;

150 1623 320 1677 nam
349 1610 670 1665 ut‘certum
713 1624 811 1667 est
853 1616 1189 1673 editionem
1222 1620 1359 1673 LXX
1395 1623 1631 1675 omnium
1676 1621 1815 1674 anti-

160 1699 515 1779 quissimam
549 1718 707 1769 esse,
756 1704 845 1758 ita
882 1708 1260 1776 exploratum
1291 1711 1500 1764 videtur
1528 1712 1813 1765 editionem

168 1796 591 1857 Theodotionis
613 1795 972 1868 Symmachi
1000 1801 1496 1869 interpretationem
1518 1812 1670 1856 aetate
1684 1819 1816 1871 prte-

1465 410 1533 481 lN
1568 426 1880 484 HEXAPLA
1915 429 2243 488 ORIGENIS.

1108 535 1552 614 “P‘a._0ctapla
1592 546 1812 614 digesse-
1839 556 1883 612 Α
1911 550 2041 601 hanc
2077 559 2250 601 notam
2275 547 2526 601 habente:
2557 546 2804 603 Accurate
2839 549 3080 603 editiones
3110 563 3279 602 omnes
3300 563 3415 601 cor-

1910 648 2059 692 rectae
2097 648 2212 691 sunt
2233 656 2251 692 :
2279 636 2483 690 collata:
2520 637 2651 689 enim
2680 639 2884 705 fuerunt
2910 655 3025 691 cum
3057 635 3289 705 Tetraplo
3318 636 3421 690 Hec

1909 729 2044 790 saia,
2072 737 2118 781 et
2146 743 2259 780 cum
2290 724 2543 792 Hexaplo.
2586 725 2666 779 Ad
2696 728 2822 790 lucc,
2866 729 2927 780 ab
2971 728 3121 781 initio
3147 741 3305 795 usque
3350 727 3418 779 ad

1789 850 1812 864 -
1911 820 2151 873 uisionem
2213 817 2353 885 Tyri,
2406 818 2700 868 accuratius
2748 818 3037 869 emendatus
3089 825 3187 870 est.
3257 814 3419 869 Nacti

1910 911 2044 962 enim
2072 917 2231 960 tomos
2258 907 2534 974 exegeticos
2563 904 2793 971 Origenis
2822 908 2874 957 in
2903 905 3143 958 Hrsaiam
3169 920 3324 973 usque
3353 904 3418 958 ad

1912 1002 2064 1069 ﬁnem
2107 998 2314 1053 visionis
2369 997 2512 1066 Tyri,
2567 1005 2617 1049 et
2664 996 2838 1048 sedulo
2879 996 3274 1057 considerantes,
3319 1011 3420 1063 quo

1911 1106 2060 1143 sensu
2094 1088 2321 1157 singulas
2348 1086 2592 1139 dictiones
2617 1086 2880 1150 acceperit,
2910 1094 3157 1153 quantum
3192 1084 3418 1152 facultas

1775 1179 1816 1230 i-
1913 1178 2031 1230 tulit
2072 1193 2216 1230 omne
2260 1177 2488 1239 dubium,
2533 1184 2580 1227 et
2612 1174 2902 1243 perplexum
2948 1174 3224 1227 secundum
3272 1172 3418 1225 illius

1911 1282 2112 1320 sensum
2152 1266 2482 1318 correximus.
2526 1263 2776 1317 Praeterea
2806 1262 2993 1315 collata
3025 1270 3100 1315 est
3142 1264 3296 1314 etiam
3328 1261 3421 1315 ﬂe.

1911 1357 2180 1425 ptuaginta
2217 1355 2557 1421 Interpretum
2601 1354 2756 1406 editio
2801 1368 2913 1404 cum
2955 1353 3022 1405 iis
3062 1367 3176 1419 qute
3214 1352 3269 1403 in
3310 1350 3419 1403 He-

1911 1446 2076 1496 saiam
2103 1445 2306 1510 scripsit
2348 1442 2589 1496 Eusebius
2612 1457 2630 1493 :
2657 1452 2807 1509 atque
2835 1441 2889 1491 in
2919 1440 3098 1509 quibus
3122 1448 3233 1493 erat
3260 1440 3421 1492 sarie-

1914 1545 2015 1597 tas,
2044 1534 2287 1603 indagata
2320 1532 2649 1600 expositionis
2680 1546 2852 1594 sensu,
2889 1530 3165 1583 secundum
3191 1528 3303 1596 ejus
3329 1544 3421 1581 ra-

1914 1625 2098 1676 tionem
2127 1623 2408 1675 emendavi.

1978 1713 2174 1768 Deinde
2196 1728 2321 1766 vero
2344 1720 2465 1766 ante
2493 1710 2819 1764 Ezechielem
2852 1709 2962 1763 haec
2987 1717 3108 1761 nota
3144 1708 3350 1774 legitur.

1978 1803 2290 1874 Μετελήφθη
2319 1804 2372 1855 δὲ
2399 1803 2502 1855 ἀπὸ
2540 1802 2862 1872 ἀντιγράφου
2906 1800 2997 1852 τοῦ
3036 1798 3172 1851 ἀ66ᾶ
3214 1798 3421 1849 ’Δπολιο

179 1883 419 1948 cedere,
447 1885 601 1954 quod
650 1886 839 1950 infra,
900 1888 1025 1943 Deo
1068 1890 1303 1953 favente,
1342 1891 1667 1959 probabitur.
1713 1891 1811 1946 Sed

1914 1893 2110 1962 ναριου,
2139 1891 2228 1943 τοῦ
2252 1891 2633 1960 κοινοὸιάρχου,
2663 1891 2718 1940 ἐν
2752 1881 2796 1954 ᾧ
2822 1887 3197 1940 καθυπόκειται
3219 1886 3386 1939 ταῦτα
3405 1902 3419 1917 ·

186 1976 338 2033 ideo
366 1973 577 2041 Aquila:
606 1975 874 2042 primum
905 1976 1105 2032 locum
1135 1979 1427 2048 deputavit,
1460 1980 1681 2048 ejusque
1706 1981 1817 2035 edi-

192 2065 416 2119 tionem
442 2063 694 2130 priorem
745 2065 957 2133 posuit
990 2066 1278 2136 Origenes,
1310 2069 1433 2135 quia
1480 2069 1569 2123 ille
1597 2084 1817 2138 scrupu-

200 2150 392 2206 losius
427 2166 593 2218 quam
638 2155 842 2207 caeteri
895 2169 1101 2209 omnes
1140 2156 1452 2211 Hebraicam
1501 2160 1815 2226 scripturam

204 2241 446 2294 verbum
476 2257 509 2295 e
552 2244 729 2299 verbo
774 2245 1026 2300 reddere
1057 2247 1354 2302 studuerat.
1392 2248 1526 2304 Post
1554 2250 1695 2305 hunc
1725 2266 1819 2303 au-

206 2339 342 2383 tem
385 2330 791 2401 Symmachum
831 2335 1067 2395 locavit.
1102 2337 1229 2403 quia
1263 2337 1351 2391 ille
1387 2340 1625 2406 propius,
1658 2355 1815 2408 quam

206 2414 374 2468 LXX
402 2426 456 2469 et
486 2415 807 2472 Theodotio
838 2420 914 2472 ad
945 2420 1225 2475 veritatem
1266 2421 1575 2477 Hebraicam
1602 2423 1817 2477 accede-

204 2503 345 2556 bat.
411 2502 616 2557 Deinde
672 2503 833 2558 LXX
908 2508 1209 2574 praeposuit
1263 2507 1633 2575 Theodotioni,
1692 2509 1818 2578 quia

207 2592 532 2648 Theodotio
579 2593 735 2647 LXX
795 2595 1136 2663 lnterpretes
1164 2611 1195 2650 e
1239 2597 1458 2668 vestigio
1496 2613 1627 2665 pene
1668 2598 1816 2666 sequi

208 2683 541 2737 videbatur.
562 2684 831 2753 Tetrapla
860 2699 1000 2739 vero
1024 2699 1121 2738 sua
1147 2683 1400 2755 Origenes
1427 2703 1585 2741 manu
1608 2688 1814 2756 propria

211 2774 568 2836 emendavit,
612 2776 972 2843 scholiisque
1015 2775 1322 2829 illustravit.
1369 2775 1664 2846 Iisdemque
1717 2776 1816 2831 Te-

219 2863 439 2931 traplis
468 2879 599 2918 nova
644 2863 938 2918 Eusebius
986 2863 1194 2917 scholia
1239 2864 1451 2932 adjecit,
1496 2865 1548 2917 in
1600 2865 1818 2933 quibus-

218 2952 375 3005 dam
401 2954 583 3007 saltem
615 2952 935 3021 Scriptura:
965 2952 1156 3007 libris:
1190 2952 1350 3021 idque
1394 2955 1446 3006 in
1478 2954 1603 3017 alio,
1637 2964 1697 3009 ut
1732 2955 1811 3007 vi-

226 3041 431 3103 detur,
452 3060 612 3111 quam
642 3046 700 3097 in
727 3042 1078 3111 Origeniano
1110 3042 1420 3109 exemplari.
1451 3044 1590 3111 quod
1618 3053 1815 3111 postre—

224 3148 400 3188 mum
434 3134 701 3205 Pamphili
725 3145 783 3190 et
816 3133 1047 3189 Eusebii
1081 3148 1243 3201 opera
1271 3134 1605 3187 emendatum
1633 3143 1733 3200 est,
1758 3144 1812 3187 ut

220 3227 570 3279 testificatur
598 3228 717 3294 ipse
745 3226 1029 3280 Eusebius
1060 3226 1115 3278 in
1144 3234 1271 3278 nota
1303 3224 1530 3293 quadam
1559 3226 1816 3292 exempla-

224 3320 338 3373 ris
367 3319 479 3373 RR.
508 3319 617 3373 PP.
670 3317 1043 3376 Jesuitarum,
1090 3331 1252 3382 quam
1305 3315 1565 3368 edidimus
1612 3313 1817 3367 Palam-

220 3411 487 3476 grapliite
511 3408 714 3463 Graeca:
741 3424 794 3476 p.
826 3407 960 3460 2‘26.
990 3405 1147 3459 Hanc
1171 3418 1332 3467 porro
1374 3410 1577 3463 notam,
1610 3417 1816 3457 necnon

223 3499 479 3551 alteram
515 3513 637 3565 quae
663 3496 945 3565 praecedit,
979 3501 1167 3561 utpote
1202 3507 1321 3560 quae
1353 3492 1419 3543 ad
1460 3489 1815 3543 confirmanda

223 3586 490 3651 plurima
517 3600 580 3638 ex
614 3599 779 3651 supra
829 3583 1000 3638 dictis
1045 3597 1152 3635 non
1183 3594 1369 3648 parum
1400 3578 1652 3631 momenti
1691 3577 1818 3632 aﬂ'e-

225 3680 402 3731 rant,
446 3669 532 3723 hic
557 3671 874 3724 exscribere
904 3670 1086 3723 visum
1114 3676 1213 3719 est.
1243 3666 1381 3719 Ante
1407 3662 1651 3718 Hesaiam
1691 3679 1815 3733 ergo

228 3754 324 3809 in
353 3757 529 3812 codice
553 3774 718 3827 supra
750 3767 1062 3813 memorato
1091 3755 1317 3823 legitur:

340 3849 654 3920 Μετελήφθη
690 3851 719 3902 ὀ
753 3851 991 3912 Ἡσαΐας
1040 3848 1147 3903 ἀπὸ
1178 3847 1504 3917 ἀντιγράφου
1550 3846 1639 3898 τοῦ
1678 3846 1819 3899 ἁόϐἅ

254 3935 666 4011 ’Λπολιναρίοω
711 3941 809 3992 τοῦ
845 3938 1246 4008 κοινοϐιάρχου,
1277 3939 1333 3989 ὲν
1369 3931 1412 4002 ᾧ
1443 3936 1817 3989 καθυπόκειται

228 4028 453 4080 ταῦτα·
479 4029 803 4099 Μετελήιρθη
834 4031 864 4080 ὁ
898 4027 1129 4088 Ἡσαΐας
1156 4028 1220 4078 ἐκ
1246 4024 1352 4077 τῶν
1385 4025 1521 4077 κατὰ
1548 4023 1641 4086 τὰς
1671 4024 1817 4075 ἐκδό-

231 4127 385 4179 σεις
420 4117 712 4179 Ἑξαπλῶν.
762 4114 1096 4184 Ἀντεϐλήθη
1127 4113 1182 4165 δὲ
1216 4114 1309 4166 καὶ
1337 4111 1468 4181 πρὸς
1493 4111 1672 4180 ἕτερον
1695 4112 1816 4175 ἑξα-

240 4207 455 4269 πὶοῦν,
483 4209 600 4276 ἕχον
631 4208 729 4277 τὴν
764 4204 1221 4277 παρασημείωσιν
1246 4202 1816 4272 ταύτηψΔιωρθώνται

231 4291 503 4365 ἀκριϐῶς
526 4299 694 4349 πᾶσαι
726 4298 785 4348 αἱ
817 4295 1059 4356 ἐκδόσεις
1077 4310 1090 4322 ·
1120 4292 1513 4365 ἁντεὸλήθησαν
1540 4290 1643 4360 γὰρ
1678 4291 1812 4360 πρὸς

230 4384 590 4452 τετραπλοῦν
622 4384 876 4445 Ἡσαΐαν,
904 4382 984 4434 ἔτι
1009 4381 1067 4432 δὲ
1095 4381 1189 4432 καὶ
1216 4381 1348 4450 πρὸς
1374 4379 1648 4444 έξαπλοῦν.
1679 4379 1818 4447 Πρὸς

226 4472 491 4534 τούτοις.
512 4475 601 4525 καὶ
631 4473 743 4525 ἀπὸ
772 4473 872 4539 τῆς
907 4470 1106 4540 ἀρχῆς,
1140 4469 1243 4531 ἓως
1286 4468 1377 4520 τοῦ
1422 4468 1685 4537 ὁράματος
1716 4467 1817 4519 Τύ-
1848 4499 1887 4551 D

234 4574 392 4626 ρον,
419 4563 797 4632 ἀκριϐέστερον
827 4560 1154 4628 διώρθωται.
1186 4559 1587 4627 Εὐπορήσαντες
1606 4556 1708 4609 τῶν
1734 4556 1817 4623 μέ-

231 4665 370 4719 χρι
398 4652 571 4714 τέλους
600 4652 693 4702 τοῦ
728 4651 1010 4720 ὁράματος
1061 4646 1239 4715 Τύρου
1278 4646 1454 4715 τόμων
1492 4644 1817 4715 ὲξηγητικῶν

226 4744 361 4800 εἰς
398 4741 481 4791 τὸν
533 4742 755 4792 Ἡσαΐαν
801 4736 1136 4808 Ὠριγένους,
1191 4736 1283 4787 καὶ
1325 4734 1558 4802 ἀκριϐῶς
1606 4735 1820 4804 ἐπιστή-

242 4839 466 4891 ααντες
598 4830 775 4899 ἐννοίᾳ
804 4827 929 4880 καθ’
961 4829 1028 4896 ἢν
1061 4824 1362 4893 ἐξηγήσατο
1401 4823 1626 4891 ἑκάστην
1660 4824 1815 4887 λέξιν,

248 4918 458 4981 καθὼς
491 4917 591 4971 οἷόν
629 4937 685 4972 τε
738 4915 831 4988 ἦν,
894 4916 992 4969 καὶ
1047 4915 1160 4966 πᾶν
1216 4912 1502 4981 ἀμφίϐολον
1554 4913 1690 4965 κατὰ
1725 4914 1820 4984 τὴν

251 5002 484 5059 ἐκείνου
530 5009 727 5060 ἔννοιαν
777 5001 1237 5076 διωρθωσάμεθα.
1277 5000 1413 5069 Πρὸς
1442 5001 1643 5064 τούτοις
1673 5019 1820 5053 συνε-

254 5096 440 5165 ἒιρίθη
465 5099 495 5167 ἡ
523 5097 625 5150 τῶν
667 5098 1081 5169 οεδδομήκοντα
1108 5090 1320 5151 ἔκδοσις
1348 5090 1437 5140 καὶ
1465 5091 1593 5158 πρὸς
1632 5091 1696 5143 τὰ
1722 5093 1821 5143 ὑπὸ

270 5177 523 5238 litamen
559 5190 636 5250 si;
679 5187 909 5241 Ἡσαΐαν
955 5179 1254 5251 εἰρημένα,
1306 5178 1392 5228 καὶ
1423 5179 1477 5228 ἐν
1516 5175 1592 5240 οἷς
1636 5180 1821 5247 διεφώ-

305 5280 432 5330 Ἴων,
455 5276 536 5344 τῆς
567 5277 881 5346 ἐξηγήσεως
914 5272 1019 5338 τὴν
1068 5267 1282 5317 ἔννοιαν
1325 5262 1658 5333 ζητήσαντες,
1691 5268 1822 5337 πρὸς

322 5348 450 5423 αῧτὴν
475 5360 767 5432 ἐδιωρθωσά
773 5376 906 5428 μην.

372 5440 644 5516 Deslnzptus
673 5459 753 5502 est
785 5446 1026 5499 Hesaias
1060 5442 1129 5493 ab
1166 5438 1442 5504 exemplari
1471 5439 1664 5492 abbatis
1684 5440 1823 5508 Αροο

307 5519 452 5587 lirari;
489 5539 880 5598 εωηοιγίανεὴαε,
915 5534 971 5585 in
1017 5544 1129 5597 quo
1170 5526 1282 5578 Iza’c
1326 5526 1694 5591 subjiciuntur:
1727 5530 1826 5583 De—

305 5627 493 5691 ‘lmptus
513 5639 585 5681 est
621 5627 853 5680 Hesaias
878 5622 947 5674 ab
981 5615 1252 5679 Hexaplis
1289 5614 1553 5667 secundum
1579 5619 1823 5674 editiones

305 5707 544 5773 “ornatis.
591 5716 838 5771 Collatus
889 5717 1081 5761 autem
1128 5702 1235 5769 fuit
1285 5718 1395 5754 cum
1440 5703 1539 5757 alio
1590 5707 1826 5773 Hexaplo

1914 1979 2225 2050 Μετελήφθη
2269 1979 2373 2031 ἀπὸ
2415 1979 2516 2030 τῶν
2559 1979 2696 2031 κατὰ
2745 1976 2843 2039 τὰς
2886 1976 3117 2037 ἐκδόσεις
3160 1974 3420 2039 ὲξαπλῶν,

1914 2071 2003 2123 καὶ
2025 2068 2294 2140 διωρθώθη
2325 2068 2428 2121 ἀπὺ
2457 2068 2560 2119 τῶν
2593 2066 2889 2137 Ὦριγένους
2910 2063 3068 2117 αὐτοῦ
3095 2061 3420 2132 τετραπλῶν,

1913 2159 2064 2211 ἅτινα
2118 2158 2209 2209 καὶ
2250 2155 2406 2208 αὑτοῦ
2447 2156 2584 2224 χειρὶ
2621 2153 2906 2223 διώρθωτο,
2959 2152 3050 2204 καὶ
3091 2150 3423 2220 ἐσχολιογρά-

1914 2264 2064 2315 φητο.
2105 2246 2160 2298 Ὀ
2196 2245 2443 2307 Εὐσέϐιος
2470 2243 2576 2308 ἐγὼ
2606 2242 2783 2311 σχόλια
2821 2239 3116 2311 παρέθηκα.
3148 2237 3422 2307 Πάμφιλος

1912 2338 2005 2389 καὶ
2027 2334 2274 2396 Εὐσέϐιος
2307 2332 2711 2403 ὲδιωροώσαντο.

1980 2424 2285 2491 Desumptus
2332 2432 2404 2475 est
2464 2420 2742 2489 (Ezechiel)
2795 2419 2858 2472 ab
2908 2418 3187 2486 exemplari
3225 2416 3423 2469 abbatis

1912 2513 2199 2581 Apolinarii
2230 2510 2619 2581 emnobiarchw,
2668 2511 2723 2562 in
2763 2524 2862 2577 quo
2888 2507 2996 2561 haec
3035 2506 3378 2572 subjiciuntur
3403 2520 3422 2555 :

1914 2601 2213 2669 Exscriptus
2236 2608 2311 2652 est
2337 2599 2398 2651 ab
2426 2597 2673 2665 Hexaplis
2694 2597 2939 2649 editiones
2963 2593 3422 2661 complectentibus,

1911 2700 1959 2745 et
1991 2700 2242 2745 correctus
2273 2700 2348 2744 est
2375 2691 2442 2742 ad
2472 2691 2621 2756 ﬁdem
2653 2687 3008 2755 Tetraplorum
3037 2685 3289 2754 Origenis,
3311 2699 3424 2753 qua:

1911 2783 2065 2835 etiam
2087 2798 2241 2833 manu
2265 2781 2373 2848 ejus
2395 2779 2658 2832 emendata
2677 2788 2724 2831 et
2747 2777 2951 2831 scholiis
2972 2774 3234 2829 illustrata
3257 2781 3421 2826 erant.

1913 2869 2021 2939 Ego
2054 2869 2305 2923 Eusebius
2329 2869 2521 2922 scholia
2549 2869 2731 2938 adjeci.
2772 2865 3070 2935 Pamphilus
3098 2873 3144 2918 et
3174 2864 3422 2918 Eusebius

1911 2966 2259 3011 correxerunt.

1985 3046 2107 3100 Haec
2140 3055 2283 3100 tanta
2318 3055 2581 3099 tantorum
2612 3053 2914 3112 sumptuum
2960 3057 3119 3113 opera
3153 3055 3425 3110 nunquam

1912 3134 2169 3201 potuisset
2195 3132 2467 3203 Origenes,
2499 3132 2785 3186 mediocris
2812 3131 3037 3186 fortunae
3065 3130 3164 3194 vir,
3186 3127 3423 3196 exsequi,

1916 3223 2016 3276 nisi
2051 3222 2324 3276 facultates
2374 3221 2824 3275 subministrasset
2872 3218 3201 3280 Ambrosius,
3237 3217 3317 3269 vir
3358 3216 3425 3269 ad

1914 3325 2118 3363 summa
2154 3318 2329 3369 natus.
2371 3309 2461 3378 qui
2488 3308 2698 3377 Origeni
2743 3322 2948 3376 semper
2983 3307 3226 3360 stimulos
3266 3305 3427 3358 adde-

1913 3401 2021 3463 bat,
2036 3409 2093 3453 ut
2108 3401 2160 3451 in
2182 3399 2443 3467 publicum
2460 3413 2611 3452 usum
2630 3398 2852 3465 plurima
2867 3395 3231 3466 perscriberet,
3247 3407 3430 3447 cumu-

1912 3490 2118 3558 lateque
2146 3490 2323 3542 omnia
2363 3488 2744 3556 suppeditabat,
2774 3488 2843 3538 ita
2884 3498 2942 3539 ut
2962 3484 3062 3552 ipsi
3092 3481 3426 3552 tachygraphi

1913 3579 2021 3632 sive
2050 3578 2238 3630 notarii
2266 3585 2484 3644 septem,
2516 3575 2709 3628 librarii
2741 3573 2975 3631 totidem.
3008 3571 3193 3640 puellae
3217 3571 3340 3623 item
3370 3570 3426 3622 in

1913 3669 2249 3738 calligrapltia
2293 3658 2610 3724 exercitatae,
2654 3678 2858 3730 semper
2885 3660 2949 3714 ad
2990 3675 3202 3713 manum
3228 3664 3424 3711 essent.

1983 3757 2358 3825 Hexaplorum,
2397 3765 2455 3809 ut
2483 3770 2639 3822 supra
2671 3753 2923 3813 diximus,
2954 3750 3192 3802 ordinem
3225 3747 3297 3801 ita
3339 3761 3428 3800 ac-

1914 3855 2094 3900 curate
2137 3847 2438 3899 describunt
2487 3843 2809 3911 Epiphanius
2852 3848 2905 3891 et
2952 3838 3320 3906 Hieronymus,
3368 3842 3429 3887 ut

1913 3936 2042 3988 nihil
2068 3936 2175 4003 jam
2205 3933 2522 3987 diﬂicultatis
2544 3948 2604 3984 ea
2634 3931 2698 3983 de
2721 3946 2777 3983 re
2802 3930 3049 3998 supersit.
3079 3928 3225 3979 Libet
3252 3934 3427 3976 autem

1914 4025 2072 4078 verba
2121 4021 2423 4091 Hieronymi
2472 4020 2559 4071 hic
2609 4032 2873 4085 apponere
2924 4032 2986 4068 ex
3038 4014 3321 4068 Comment.
3374 4011 3430 4061 in

1916 4112 2084 4181 Epist.
2128 4112 2194 4163 ad
2230 4110 2400 4163 Titum
2424 4125 2442 4160 :
2484 4108 2624 4160 Unde
2663 4107 2806 4159 nobis
2839 4120 2975 4158 cura:
3015 4104 3112 4171 fuit
3147 4116 3315 4155 omnes
3343 4114 3428 4151 ve-

1915 4204 2032 4257 teris
2083 4201 2206 4269 legis
2255 4200 2428 4260 libros,
2473 4213 2596 4265 quos
2645 4197 2722 4247 vir
2772 4195 2949 4246 doctus
3007 4190 3346 4245 Adamantius
3375 4189 3431 4239 in

1915 4290 2147 4358 Hexapla
2168 4290 2463 4357 digesserat,
2483 4290 2544 4338 de
2574 4284 2874 4338 Caesariensi
2903 4282 3206 4334 bibliotheca
3236 4277 3429 4331 descri-

1915 4390 2045 4448 ptos,
2075 4395 2138 4431 ex
2174 4379 2298 4445 ipsis
2335 4376 2641 4429 authenticis
2678 4375 2966 4438 emendare,
3008 4374 3061 4424 in
3102 4369 3283 4438 quibus
3317 4370 3431 4433 ipsa

1916 4469 2133 4523 Hebraea
2166 4468 2384 4536 propriis
2416 4474 2533 4518 sunt
2563 4464 2940 4517 characteribus
2969 4463 3115 4516 verba
3140 4461 3431 4525 descripta;

1914 4568 1962 4610 et
2010 4556 2198 4611 Graecis
2239 4555 2424 4608 litteris
2472 4555 2675 4605 tramite
2719 4568 2955 4617 expressa
3006 4553 3191 4603 vicino.
3243 4544 3434 4614 Aquila

1914 4647 2067 4699 etiam
2093 4655 2139 4697 et
2168 4642 2519 4712 Symmachus,
2546 4641 2879 4710 Septuaginta
2901 4655 2947 4692 et
2984 4638 3257 4692 Theodotio
3285 4649 3434 4687 suum

1916 4733 2141 4785 ordinem
2182 4740 2366 4783 tenent.
2404 4730 2656 4783 Nonnulli
2701 4746 2814 4781 vero
2850 4730 2991 4789 libri,
3022 4737 3073 4780 et
3116 4725 3335 4777 maxime
3381 4722 3432 4772 hi

1915 4824 2002 4891 qui
2040 4821 2174 4887 apud
2214 4818 2454 4872 Ilebrtens
2496 4835 2641 4871 versu
2683 4817 2948 4884 compositi
2992 4824 3132 4878 sunt,
3165 4822 3263 4864 tres
3301 4809 3433 4865 alias

1915 4912 2156 4987 editiones
2184 4910 2389 4961 additas
2417 4908 2598 4960 habent
2620 4924 2637 4959 :
2664 4922 2813 4975 quam
2840 4904 3105 4967 Quintam,
3129 4913 3175 4954 et
3202 4899 3431 4963 Sextam,

1916 5008 1961 5051 et
1993 4996 2269 5064 Septimum
2305 4997 2690 5048 translationem
2715 5002 2915 5053 vocant,
2950 4991 3305 5042 auctoritatem
3328 4989 3436 5042 sine

1919 5086 2203 5138 nominibus
2253 5085 2585 5149 interpretum
2635 5091 2952 5133 consecutos.
3011 5077 3231 5130 Planum
3279 5076 3437 5142 igitur

1918 5184 1999 5229 est
2018 5174 2250 5240 Hexapla
2282 5174 2359 5226 sic
2383 5172 2635 5239 disposita
2667 5170 2849 5231 fuisse,
2887 5177 2943 5221 ut
2976 5169 3201 5235 primam
3232 5166 3435 5219 colum-

1918 5279 2039 5316 nam
2086 5268 2366 5330 occuparet
2394 5261 2685 5313 chraicus
2717 5267 2916 5322 textus,
2946 5255 3217 5310 Hebraicis
3249 5252 3437 5307 litteris

1919 5354 2243 5421 descriptus;
2267 5351 2549 5404 secundum
2592 5349 2728 5401 idem
2765 5347 3055 5402 Hebraicus
3081 5342 3274 5398 GMP-ti:
3304 5341 3437 5393 litte-

1922 5442 1996 5495 ris
2024 5451 2296 5501 exaratus;
2328 5439 2534 5491 tertiam
2562 5438 2773 5505 Aquila,
2797 5445 3039 5501 quartam
3068 5428 3440 5501 Symmachus,

1922 5531 2157 5597 quintam
2194 5526 2328 5580 LXX
2368 5526 2696 5593 lnterpretes.
2743 5536 2943 5580 sextam
2978 5518 3288 5574 Theodotio.
3330 5513 3440 5566 Cu—

1920 5620 2008 5687 jus
2029 5620 2104 5671 rei
2137 5619 2459 5671 luculentum
2489 5620 2787 5685 suppeditat
2808 5616 3100 5682 exemplum
3124 5609 3280 5663 codex
3305 5603 3442 5654 Bar-

1926 5709 2158 5774 berinus,
2209 5704 2299 5759 ubi
2346 5705 2376 5771 Ῡ
2437 5704 2462 5757 1
2517 5708 2704 5774 capitis
2752 5723 2787 5759 ll
2836 5703 2982 5758 02cm
3021 5696 3311 5768 prophetae,
3349 5688 3444 5742 illo
3526 5700 3531 5709 '
