3878 6392
196 455 256 510 35

1387 444 1451 498 IN
1490 441 1803 498 unum
1839 421 2196 498 oarcms.‘
3311 458 3380 512 ε,

201 583 229 620 ε
264 560 440 632 regione
461 549 653 606 aliarum
697 539 919 608 positas
973 542 1189 610 fuisse
1244 557 1308 614 in
1339 563 1478 616 libro
1507 560 1741 617 Psalmo-
1768 557 1814 614 Δ
1844 568 1962 608 mus
1994 551 2286 608 admodum
2327 535 2691 632 Ρθΐίξιηοῑονίε
2740 559 3008 624 narravit:
3041 575 3138 616 nec
3172 564 3379 621 Videtur

207 672 329 716 rum,
350 649 448 703 etin
469 636 717 697 duodecim
751 632 1086 702 Prophetis
1123 649 1481 707 minoribus.
1516 655 1572 706 in
1601 653 1749 706 Psal-

211 751 298 804 mis
319 745 482 815 quidem
509 748 602 791 tres
645 731 763 785 illas
813 730 1160 815 editiones,
1198 759 1308 812 per
1357 758 1524 800 totum
1557 749 1744 801 “brum

212 814 432 904 adiunctas
456 830 597 884 fuisse
626 821 860 876 suadent
887 814 1257 896 frequentia
1286 838 1618 908 singularum
1646 836 1747 890 fra-

214 939 381 999 gmenta
399 939 493 992 quae
515 917 699 989 passim
724 912 1144 976 observantur
1172 943 1188 979 :
1227 928 1285 980 in
1318 929 1595 982 duodecim
1625 941 1748 980 vero

215 1017 438 1088 Prophetis
458 1007 750 1064 minoribus,
781 1014 934 1059 teste
965 1008 1361 1086 Hieronymo,
1392 1026 1576 1086 praeter
1596 1017 1754 1083 Aqui-

217 1112 334 1172 lam,
367 1101 718 1174 SymmaChllm,
748 1095 936 1163 LXX,
974 1098 1442 1160 Theodotionem
1490 1116 1542 1160 et
1585 1106 1749 1170 Quin-

217 1210 338 1260 tam,
367 1197 454 1248 duae
488 1191 591 1244 alite
627 1186 907 1242 editiones
961 1196 1258 1259 appositaa
1299 1205 1472 1256 erant,
1514 1195 1750 1248 videlicet

219 1289 364 1343 Sexta
387 1295 425 1337 et
452 1281 688 1350 Septima,
732 1294 993 1346 quarum
1046 1282 1362 1350 fragmenta
1409 1284 1746 1346 exhibemus;

220 1378 395 1442 Quinta:
413 1387 578 1440 nempe
603 1369 1105 1435 frequentissima,
1133 1375 1362 1428 aliarum
1388 1388 1509 1426 vero
1527 1373 1746 1426 rariora.

218 1468 455 1520 Canticum
486 1472 656 1516 autem
688 1458 968 1517 Habacuc
1022 1467 1331 1519 secundum
1372 1481 1529 1518 unam
1561 1479 1624 1517 ex
1669 1464 1750 1517 his

214 1553 464 1625 postremis
523 1551 855 1605 editionibus
911 1551 1209 1620 integrum
1283 1560 1748 1620 reprzesentamus,

215 1645 339 1714 quod
367 1658 472 1698 cum
511 1658 608 1695 nec
637 1641 885 1706 Quintae,
916 1658 1029 1696 nec
1070 1643 1252 1697 Scxtm
1291 1658 1409 1696 esse
1438 1641 1622 1711 possit,
1664 1654 1748 1693 se-

215 1735 376 1804 quitur
401 1747 456 1784 ex
503 1730 744 1799 Septima
773 1732 1145 1802 desumptum
1174 1748 1312 1786 esse.

273 1823 324 1876 ln
356 1823 578 1876 Canticis
617 1824 1000 1886 canticorum,
1031 1823 1250 1888 Quintae
1293 1820 1463 1875 solum
1492 1828 1543 1872 et
1583 1819 1750 1872 Sextte
1780 1859 1821 1912 Β

212 1913 446 1968 lectiones
471 1912 815 1977 aﬂ'cruntur;
847 1911 1115 1979 Septima:
1143 1928 1209 1964 ne
1231 1909 1510 1977 vestigium
1541 1906 1750 1975 quidem

211 2004 433 2065 habetur,
477 2002 624 2055 unde
666 2001 917 2055 fortasse
949 2000 1196 2068 suspicio
1243 1999 1443 2051 oriatur
1470 1997 1556 2049 hic
1584 1995 1754 2063 Septi-

213 2109 337 2147 mam
366 2108 468 2146 non
502 2091 758 2145 adfuisse
792 2106 921 2144 curn
956 2091 1101 2152 aliis,
1155 2087 1294 2156 quod
1341 2095 1513 2139 tamen
1544 2081 1752 2136 nonnisi

212 2193 388 2236 temere
417 2182 679 2235 aﬂirmari
711 2189 902 2249 potest
935 2199 950 2234 :
987 2179 1165 2248 potuit
1193 2177 1356 2241 enim,
1380 2176 1477 2230 etsi
1503 2173 1748 2236 adfuerit,

211 2289 236 2328 a
264 2272 627 2327 collectoribus
657 2271 893 2339 negligi.

270 2363 322 2415 lu
365 2361 745 2414 Peutateucho
782 2367 970 2412 autem
1019 2357 1272 2422 Quintam
1304 2363 1355 2409 et
1387 2354 1597 2406 Sextam
1641 2351 1754 2404 edi-

208 2453 391 2505 tionem
420 2453 598 2504 locum
647 2462 966 2516 occupasse
997 2463 1154 2499 suum
1192 2443 1541 2498 testiﬁcantur
1570 2455 1751 2494 exem-

207 2544 282 2611 pla
317 2559 413 2595 non
445 2555 621 2609 pauca
669 2559 684 2591 ε
728 2541 817 2593 sic
861 2538 1086 2592 Genesis
1115 2551 1232 2602 cap.
1264 2548 1442 2596 xxxiv,
1480 2531 1532 2598 ᾗ.
1574 2530 1658 2591 15,
1689 2543 1750 2581 ex

207 2634 378 2686 codice
417 2631 584 2698 Regio
638 2629 882 2682 affertur
924 2626 1135 2692 Quinta:
1161 2622 1408 2677 editionis
1455 2621 1628 2682 lectio,
1664 2617 1752 2670 ubi

211 2737 380 2774 vocem
427 2730 550 2778 me:
598 2721 698 2772 hic
757 2719 1029 2784 interpres
1087 2713 1248 2766 vertit
1305 2711 1654 2776 εὐνοήσομενς
1701 2713 1753 2758 et

213 2827 324 2880 cap.
350 2827 493 2873 xxxv,
523 2828 572 2864 v.
608 2809 706 2867 19.
725 2809 784 2861 in
817 2808 965 2859 hunc
994 2806 1168 2856 locum
1191 2785 1304 2860 nn‘7
1322 2809 1419 2858 nt:
1439 2809 1535 2857 mn
1564 2805 1753 2856 rimas:

210 2902 503 2956 Ambrosius
541 2903 601 2952 in
643 2900 818 2966 epist.
869 2896 935 2948 ad
985 2893 1367 2946 Horoutiauum
1400 2890 1471 2941 ait
1513 2886 1752 2949 :Quinta

209 3005 364 3047 autem
403 2993 649 3050 traditio,
702 2988 971 3052 Ephrata,
1016 2985 1131 3051 ipse
1155 2989 1250 3034 ‘est
1297 2981 1486 3032 domus
1538 2976 1689 3044 panis
1735 2992 1748 3027 :

206 3080 292 3131 hoc
347 3079 684 3147 prteteritmn
757 3081 839 3124 est
919 3073 971 3122 in
1050 3070 1273 3120 aliorum
1349 3064 1705 3118 traditionibus
1735 3100 1748 3123 ,

1843 647 1959 714 ejus
2000 642 2373 699 testimonium
2408 629 2477 688 ad
2503 645 2563 686 ea
2603 650 2723 703 quae
2748 651 3046 717 supradicta
3078 660 3201 705 sunt
3227 655 3378 721 peni-

1846 747 1930 791 tus
1954 737 2217 804 quadrare
2254 743 2446 803 posse;
2480 724 2740 795 Siquidem
2783 740 2856 792 ait
2883 742 2984 804 ille,
3026 743 3078 794 in
3106 745 3373 799 nonnullis

1844 829 1994 883 libris
2017 837 2068 880 et
2110 825 2345 880 maxime
2367 819 2434 874 iis
2467 816 2556 885 qui
2587 832 2743 876 versu
2778 828 3053 894 compositi
3085 839 3227 892 sunt,
3262 839 3371 884 tres

1844 918 1995 979 alias,
2009 915 2266 970 editiones
2283 922 2474 977 nempe
2490 904 2759 976 Quintam,
2777 911 2982 966 Sextam
2997 914 3366 983 etSeptimam.

1843 1006 2048 1058 additas
2082 1003 2276 1061 fuisse;
2306 1002 2378 1055 ita
2426 1007 2481 1054 ut
2523 1013 2584 1052 ex
2622 1001 2738 1069 ejus
2771 1004 2946 1057 verbis
2987 1003 3167 1058 inferri
3213 1020 3370 1072 posse

1845 1098 2102 1156 videatur,
2117 1093 2404 1148 maximam
2431 1089 2781 1159 Hexaplorum
2807 1100 3006 1161 partem
3025 1093 3111 1145 ubi
3133 1101 3242 1149 tres
3266 1096 3369 1150 illa!

1845 1186 2101 1238 editiones
2118 1184 2310 1238 additae
2332 1182 2538 1235 fuerant
2553 1196 2670 1235 esse
2691 1183 2856 1236 libros
2879 1185 3126 1237 metricos
3146 1200 3160 1248 ;
3183 1199 3368 1255 nempe

1844 1271 1964 1335 Job,
1995 1272 2231 1326 Psalmos
2283 1279 2335 1323 et
2365 1270 2686 1335 Proverbia;
2723 1279 2775 1324 et
2809 1279 2982 1325 tamen
3016 1275 3365 1342 apertissimis

1845 1362 2098 1427 exemplis
2132 1362 2374 1428 superius
2404 1360 2682 1427 probatum
2708 1368 2808 1423 est,
2835 1361 2954 1416 illas
2976 1363 3236 1417 editiones
3269 1365 3366 1419 ad-

1846 1449 2010 1504 fuisse
2056 1449 2105 1501 in
2137 1449 2514 1510 Pentateucho,
2561 1449 2612 1499 in
2651 1447 2926 1512 Prophetis
2972 1451 3286 1516 minoribus,
3313 1461 3367 1506 et

1848 1538 1900 1590 in
1941 1536 2216 1600 Cauticis;
2261 1553 2322 1589 ex
2360 1536 2508 1590 libris
2551 1550 2678 1589 vero
2713 1538 2948 1592 metricis
2975 1537 3216 1594 Psalmos
3245 1550 3364 1595 tan-

1849 1639 1958 1681 tum
1988 1629 2148 1681 trium
2196 1627 2402 1680 illarum
2437 1627 2728 1679 editionum
2761 1627 3032 1694 reliquias,
3070 1639 3123 1682 et
3149 1632 3360 1697 quidem

1847 1717 2303 1786 frequentissimas
2337 1715 2608 1783 praeferre;
2635 1714 2734 1766 Job
2762 1725 2938 1768 autem
2971 1725 3023 1768 et
3055 1716 3364 1784 Proverbia,

1847 1823 2073 1876 quorum
2115 1807 2340 1859 maxima
2370 1806 2653 1858 lectionum
2687 1804 3055 1872 Ilexaplarium
3111 1807 3239 1860 silva
3270 1823 3363 1862 su-

1850 1905 2059 1966 perest,
2105 1911 2172 1950 ne
2206 1896 2480 1962 vestigium
2523 1895 2732 1963 quidem
2777 1895 2934 1948 trium
2989 1895 3195 1949 illarum
3255 1897 3368 1950 edi-

1851 1988 2050 2039 tionum
2085 1985 2296 2039 habere.
2331 1983 2424 2037 His
2464 1983 2760 2050 conspectis
2793 1999 2945 2036 nemo
2973 1985 3239 2053 negaverit
3269 1986 3364 2038 ad-

1849 2077 2062 2130 modum
2094 2074 2300 2128 ditlicile
2339 2088 2456 2127 esse
2503 2073 2743 2139 superius
2781 2073 2938 2125 allata
2974 2075 3209 2142 exempla
3241 2089 3364 2128 eum

1848 2165 2022 2218 verbis
2048 2162 2353 2232 Hieronymi
2379 2162 2680 2214 conciliare.

1917 2252 2048 2305 Cum
2081 2260 2252 2302 autem
2283 2249 2498 2302 omnino
2525 2257 2722 2300 certum
2754 2246 2819 2300 sit
2853 2245 3129 2316 Origenem
3168 2263 3274 2301 non
3309 2249 3362 2302 in

1848 2339 2093 2394 omnibus
2127 2337 2410 2404 Scripturae
2441 2337 2589 2389 libris
2617 2345 2724 2390 tres
2755 2337 2872 2388 illas
2904 2336 3363 2403 interpretationis

1849 2425 2138 2494 adjecisse,
2183 2424 2344 2492 quaeri
2391 2431 2563 2491 patest
2607 2437 2734 2474 num
2787 2432 2892 2475 tres
2937 2421 3009 2474 illi
3053 2423 3364 2490 interpretes

1851 2527 2009 2572 totam
2059 2515 2382 2584 Scripturam
2423 2514 2529 2566 sint
2569 2513 2912 2580 interpretati,
2942 2527 3008 2564 an
3051 2527 3142 2566 eas
3191 2513 3360 2566 solum

1851 2621 2024 2680 partes
2064 2625 2182 2678 quae
2222 2609 2287 2662 ab
2330 2606 2552 2675 Origene
2582 2609 2636 2660 in
2681 2607 2913 2675 Octaplis
2941 2609 3187 2662 adhibitae
3215 2619 3360 2662 sunt.

1851 2699 1988 2754 Sane
2017 2714 2158 2762 cum,
2189 2698 2262 2751 illi
2311 2697 2493 2750 saltem
2529 2695 2634 2749 duo
2665 2697 2890 2764 priores,
2925 2697 3360 2762 Pentateuchum,

1848 2787 2103 2849 Psalmos,
2130 2796 2184 2840 et
2222 2802 2286 2838 ex
2319 2784 2632 2852 Hieronymo
2662 2784 2761 2838 Job
2801 2797 2851 2839 et
2895 2785 3215 2850 Proverbia;
3241 2803 3359 2840 cum

1847 2877 1969 2930 item
2009 2876 2225 2928 Cantica
2272 2883 2324 2927 et
2368 2873 2597 2948 minores
2641 2873 2929 2941 Prophetas
2976 2875 3357 2940 transtulerint,

1848 2981 1951 3018 non
1997 2965 2150 3017 video
2200 2963 2323 3031 quid
2375 2977 2548 3016 causa;
2591 2960 2765 3025 fuerit,
2814 2977 2910 3015 cur
2953 2965 3154 3018 medios
3199 2965 3361 3020 libros

1849 3053 2142 3114 omiserint,
2170 3051 2416 3119 quodque
2451 3049 2619 3117 magis
2644 3057 2844 3115 urgeat,
2875 3063 2996 3102 cum
3044 3063 3148 3104 tres
3175 3051 3249 3103 illi
3279 3051 3358 3102 in-

207 3166 287 3218 ubi
334 3136 659 3218 traditiones
715 3161 811 3213 ille
859 3174 958 3227 pro
1013 3154 1334 3210 editionibus
1395 3159 1633 3218 usurpat.
1685 3149 1814 3205 EtC
1847 3149 2098 3209 terpretes
2141 3137 2525 3206 ut'plurimum
2575 3137 2630 3189 in
2672 3136 2856 3189 iisdem
2901 3136 3185 3204 Scriptura:
3210 3137 3360 3191 libris

205 3253 356 3308 Levit.
422 3271 460 3318 ι,
521 3255 589 3307 16
658 3271 672 3304 :
740 3252 809 3301 Α.
873 3249 957 3309 Σ.,
1017 3245 1112 3314 τὴν
1173 3241 1486 3304 σιτίζουσαν.
1547 3241 1606 3292 Θ.
1661 3239 1744 3299 E.,

204 3343 290 3412 τὴν
333 3345 494 3410 ὀσφὺν
537 3344 611 3412 ἦν
661 3342 836 3409 ἡμεῖς
883 3333 1154 3403 καλοῦμεν
1187 3331 1374 3399 φῦσαν.
1403 3330 1527 3383 Item
1578 3328 1744 3381 Levit.

202 3447 305 3501 cap.
336 3449 397 3492 ιι.
427 3449 479 3484 v.
512 3433 567 3494 3,
600 3433 661 3482 in
698 3426 950 3495 Append.
989 3425 1044 3475 Σ.
1079 3424 1164 3484 Ε.,
1195 3420 1299 3474 ἀπὸ
1324 3419 1428 3471 τῶν
1455 3415 1752 3488 καρπωμάηο

200 3536 297 3572 των
324 3521 550 3589 Κυρίου.
578 3518 652 3571 Et
681 3516 862 3570 Levit.
896 3528 971 3578 xl,
1007 3513 1092 3564 17.
1118 3513 1179 3563 A.
1211 3511 1281 3562 O’.
1313 3508 1373 3560 Θ.
1400 3509 1482 3569 Ε.,
1511 3506 1749 3558 νυκτικό-

201 3609 305 3675 ραξ.
341 3626 396 3673 ς.
431 3608 619 3676 γλαύξ.
671 3607 739 3658 Ε.
779 3604 1056 3667 Quintam,
1089 3617 1146 3662 ς.
1195 3596 1406 3651 Sextum
1450 3595 1664 3658 indicat,
1698 3604 1750 3649 et

197 3700 466 3765 utriusque
512 3693 914 3764 interpretatio
965 3688 1203 3742 aﬂ‘ertur.
1239 3686 1544 3752 Ibidemque
1579 3701 1630 3737 v.
1660 3684 1746 3736 51.

198 3789 264 3840 0'.
301 3789 358 3841 Θ.
385 3789 468 3851 Ε.,
496 3787 693 3841 αὐτῶν
729 3781 1091 3851 τεθνηκότων.
1126 3776 1279 3829 Hisce
1308 3784 1413 3828 tam
1449 3774 1643 3839 apertis
1673 3784 1749 3826 te-

196 3879 453 3932 stimoniis
479 3876 764 3944 refragari
799 3887 957 3925 nemo
997 3882 1154 3936 posse
1195 3867 1420 3918 videtur.
1462 3864 1528 3915 At
1556 3863 1748 3915 mirum

1846 3233 2192 3300 reperiantur,
2224 3229 2344 3282 licet
2371 3227 2509 3280 haud
2539 3225 2696 3279 dubie
2722 3225 2884 3278 variis
2908 3226 2960 3278 in
2985 3225 3116 3280 locis
3142 3227 3362 3294 scripse-

1844 3321 1970 3380 rint,
2011 3335 2104 3373 cur
2150 3317 2359 3370 eosdem
2406 3313 2568 3365 libros
2600 3327 2664 3365 ex
2695 3311 2950 3364 Hebraico
2981 3313 3355 3376 converterint,

1844 3409 2052 3462 eosdem
2100 3403 2422 3458 omiserint:
2469 3401 2569 3452 hoc
2615 3408 2757 3453 certe
2803 3414 2972 3467 neque
3013 3415 3140 3454 casu
3185 3415 3358 3469 neque

1844 3497 2065 3552 consilio
2114 3494 2349 3547 accidere
2393 3493 2626 3562 potuisse
2674 3491 2897 3543 videtur.
2929 3487 2984 3542 Si
3017 3490 3356 3556 respondeas,

1846 3602 1939 3641 cur
1969 3601 2092 3654 ergo
2124 3583 2374 3652 Origenes
2399 3583 2450 3634 in
2479 3580 2792 3650 quibusdam
2828 3579 2995 3640 libris,
3026 3593 3130 3630 nou
3161 3578 3213 3630 iu
3243 3591 3358 3629 om-

1845 3679 2020 3736 nibus,
2053 3676 2170 3729 illas
2196 3674 2452 3728 editiones
2482 3670 2801 3739 opposuerit,
2831 3681 3083 3736 repOnam
3116 3681 3234 3734 ego,
3261 3681 3358 3719 cur

1845 3768 1896 3820 in
1923 3766 2148 3818 Thrcnis
2197 3764 2309 3818 sive
2353 3759 2840 3814 Lamentationibus
2889 3756 3148 3817 Ieremia,
3187 3755 3358 3809 solum

1847 3855 2217 3924 Symmachum
2245 3866 2365 3904 cum
2407 3850 2636 3902 editione
2661 3847 2767 3900 τῶν
2806 3849 2860 3898 0'
2885 3847 3096 3907 locavit,
3128 3859 3249 3897 cum
3280 3851 3359 3894 ta-

1845 3956 1964 3996 men
1990 3939 2178 4007 Aquila
2205 3947 2256 3990 et
2280 3935 2572 3989 Theodotio
2602 3935 2760 4000 hujus
2789 3931 2930 3992 libri,
2959 3930 3175 3998 perinde
3200 3937 3361 3994 atque

1845 4031 2090 4091 aliorum,
2122 4024 2602 4092 interpretationem
2647 4019 3038 4080 adornaverint,
3073 4025 3131 4068 ut
3166 4017 3357 4068 ibidem

1845 4123 1897 4175 in
1929 4119 2121 4173 Monito
2159 4116 2463 4185 probamus.
2498 4111 2630 4166 Hinc
2660 4125 2785 4164 sane
2822 4111 2986 4176 liquet
3025 4122 3088 4160 ex
3121 4108 3220 4160 hac
3242 4105 3360 4160 Ori-

1843 4210 1991 4280 genis
2025 4207 2309 4260 omissione
2337 4201 2577 4257 concludi
2607 4215 2713 4254 non
2746 4214 2922 4267 posse,
2955 4197 3073 4250 illas
3103 4197 3360 4250 editiones

1843 4315 1951 4354 non
1991 4299 2242 4365 integras,
2285 4294 2375 4347 sed
2416 4293 2622 4360 aliquos
2653 4299 2856 4342 tantum
2902 4286 3171 4340 Hebraica:
3213 4283 3359 4338 Scri-

1844 4397 2010 4456 pturae
2054 4384 2215 4436 libros
2249 4381 2547 4448 complexas
2591 4377 2772 4430 fuisse.
2803 4376 3064 4428 Caeterum
3107 4387 3218 4426 rem
3254 4387 3361 4425 non

1851 4476 2060 4547 penitus
2086 4473 2406 4540 exploratam
2440 4467 2648 4521 lectoris
2680 4464 2881 4535 judicio
2909 4462 3288 4532 permittimus.

1848 4587 1956 4641 Vl].
1992 4587 2062 4639 De
2098 4583 2231 4637 notis
2259 4583 2312 4633 in
2337 4579 2654 4658 marginibus.
2684 4574 3035 4644 Hexaplorum
3057 4572 3120 4624 ab
3145 4570 3363 4639 Origene

2499 4657 2700 4714 positis.

1917 4742 1972 4795 ιη
2004 4739 2246 4806 Hexaplis
2278 4736 2482 4803 amplos
2508 4733 2672 4786 fuisse
2699 4730 2963 4798 margines
3006 4725 3151 4779 notis
3177 4721 3359 4791 Orige-

1848 4833 2019 4887 niauis
2059 4837 2300 4890 onustos,
2335 4831 2659 4891 compertum
2687 4820 2837 4873 nobis
2865 4826 2946 4870 est
2971 4833 2984 4868 :
3015 4815 3200 4867 horum
3233 4827 3356 4867 vero

1847 4929 2044 4991 partem
2069 4932 2171 4970 non
2197 4913 2463 4967 minimam
2488 4903 3100 4976 occupabantnominum
3127 4903 3361 4970 proprior

1844 4987 1962 5066 rum
2003 5006 2374 5060 Hebraicorum
2429 4997 2808 5066 explicationes
2851 4992 3062 5045 Gracia.
3097 4987 3151 5044 ld
3180 5000 3356 5045 autem

1848 5101 2041 5154 indicat
2065 5095 2312 5160 Origenes
2343 5090 2392 5141 in
2422 5096 2543 5139 nota
2571 5084 2790 5152 quadam
2819 5081 2883 5133 ad
2907 5095 3024 5148 cap.
3055 5095 3214 5132 xxxvr
3261 5077 3359 5133 Ge-

1846 5187 2007 5247 nesis,
2033 5185 2082 5251 ,ᾖ
2112 5182 2197 5242 56,
2238 5179 2326 5232 ubi
2362 5176 2439 5228 sic
2471 5173 2662 5224 habet:
2694 5171 2814 5231 Τοῖς
2851 5169 2944 5237 μὲν
2983 5166 3106 5235 περὶ
3136 5165 3358 5220 Ἀκύλαν

1846 5278 1936 5330 καὶ
1959 5274 2241 5344 Σύμμαχον
2276 5261 2537 5328 Φουτιφὰρ
2573 5259 2780 5328 εἴρηται
2809 5259 2862 5310 ὲν
2889 5254 3056 5324 τούτῳ
3078 5253 3154 5323 τῷ
3181 5254 3356 5324 τόπῳ.

1848 5369 1902 5418 ὲν
1927 5365 1982 5417 δὲ
2010 5342 2085 5430 τῷ
2112 5360 2276 5428 ἑτέρῳ
2297 5346 2644 5417 Φουρτιφαρέ.
2676 5347 2782 5399 Καὶ
2802 5350 2834 5416 ἡ
2869 5346 2962 5414 μὲν
2985 5343 3075 5394 τοῦ
3102 5342 3361 5408 παρόντος

1846 5425 2094 5522 ὀνόματος
2118 5425 2375 5517 ἑρμηνεία
2397 5437 2714 5503 παράκειται
2738 5438 2802 5504 τῇ
2827 5433 2968 5494 λέξει
2985 5446 2998 5459 ο
3023 5431 3056 5497 ἡ
3077 5427 3134 5478 δὲ
3155 5425 3364 5486 ἕκθεσις

1845 5512 1948 5596 τοῦ.
1981 5512 2162 5608 ἐτέροο
2188 5512 2246 5586 ἓν
2276 5530 2386 5587 τοῖς
2421 5525 2541 5593 ὲξῆς
2571 5529 2833 5592 φανεῖται·
2861 5523 2910 5574 id
2942 5528 3024 5571 est
3053 5512 3367 5608 :~Aq-uila.et

1849 5595 2180 5698 Symmaohus
2232 5613 2528 5680 Phutiphar
2573 5613 2812 5665 dixerunt
2857 5611 2948 5660 hoc
2996 5603 3127 5661 loco,
3165 5599 3218 5648 in
3265 5595 3376 5646 alio

1849 5687 2019 5773 autem
2039 5705 2391 5775 Phurtiphare
2417 5717 2433 5755 :
2461 5703 2725 5770 praesentis
2747 5716 2860 5756 vero
2880 5691 3098 5749 nominis
3118 5687 3384 5744 ἐπιστρω-

193 3979 264 4021 est
284 3968 534 4034 Quintam
563 3976 620 4020 et
646 3966 885 4018 Sextum
915 3959 1204 4012 editionem
1227 3969 1258 4008 a
1283 3952 1493 4006 nemine
1515 3959 1748 4003 veterum

194 4059 513 4120 Graecorum,
549 4057 646 4125 qui
689 4056 744 4106 in
783 4048 1207 4104 Pcntateuchum
1240 4053 1318 4097 tot
1357 4039 1747 4094 Commentaria

191 4151 480 4212 ediderunt,
526 4154 903 4201 memoratam
939 4138 1149 4205 uspiam
1186 4133 1366 4187 fuisse.
1395 4131 1470 4182 De
1513 4128 1747 4196 Septima

194 4239 240 4292 in
281 4239 658 4292 Pentateucho
701 4233 843 4287 nihil
878 4229 1042 4283 hodie
1083 4245 1094 4280 :
1124 4235 1300 4279 utrum
1345 4237 1472 4276 vero
1497 4221 1619 4274 olim
1651 4219 1747 4272 ad-

193 4327 359 4392 fuerit,
406 4328 728 4396 ignoratur.
780 4319 984 4373 Prazter
1030 4316 1192 4368 hosce
1225 4314 1409 4368 libros.
1455 4309 1543 4363 ubi
1587 4309 1745 4362 trium

191 4420 540 4487 posteriorum
588 4415 908 4470 editionum
945 4407 1169 4474 vestigia
1202 4404 1514 4471 reperimus,
1546 4401 1598 4452 in
1627 4399 1747 4451 aliis
1776 4445 1821 4499 Β

189 4511 337 4562 etiam
376 4506 664 4561 exstitisse
695 4495 1016 4556 subinrl'icat
1073 4493 1426 4562 Hieronymus
1454 4488 1652 4540 Comm.
1695 4488 1748 4538 in

189 4597 348 4665 Epist.
397 4599 466 4649 ad
523 4597 718 4647 Titum
758 4607 780 4644 :
832 4583 1095 4641 Nonnulli
1143 4596 1259 4634 rero
1307 4577 1444 4640 libri,
1472 4575 1656 4643 inquit,
1699 4583 1747 4626 et

188 4691 400 4741 maxime
427 4689 483 4740 hi
522 4686 618 4755 qui
662 4681 815 4750 apud
855 4677 1105 4730 Hebrwos
1127 4686 1273 4724 versu
1299 4665 1568 4734 compositi
1603 4673 1746 4728 sunt,

193 4790 282 4831 tres
324 4779 456 4831 alia:
497 4754 775 4830 editiones
821 4768 1037 4821 additas
1067 4762 1271 4823 habent,
1299 4771 1454 4827 quam
1479 4754 1747 4817 Quintam,

197 5044 329 5098 libris
373 5056 556 5098 tamen
605 5052 784 5092 versu
838 5027 1164 5093 conscriptis
1209 5023 1304 5075 soli
1338 5019 1534 5072 Psalmi
1585 5018 1747 5070 trium

204 5134 538 5198 posteriorum
592 5119 1128 5190 interpretationum
1173 5109 1421 5175 reliquias
1445 5105 1744 5173 pratferunt.

207 5193 257 5272 ln
292 5221 380 5275 Job
414 5229 596 5274 autem
659 5224 719 5268 et
772 5203 1116 5262 Proverbiis,
1163 5198 1257 5251 etsi
1303 5195 1473 5261 ampla
1525 5193 1746 5246 aliarum

211 5310 470 5364 editionum
497 5321 661 5377 seges
687 5300 991 5354 offeratur.
1024 5287 1162 5342 nihil
1188 5285 1340 5338 hodie
1363 5283 1428 5336 de
1456 5281 1620 5335 tribus
1643 5283 1748 5335 illis

210 5402 462 5468 postremis
491 5389 907 5462 interpretibus
947 5385 1222 5446 superest.

273 5486 326 5540 Si
353 5497 543 5541 stemus
577 5457 912 5544 Hieronymi
949 5465 1159 5524 verbis,
1195 5463 1245 5512 in
1276 5459 1338 5511 iis
1363 5458 1532 5521 ﬁbris)
1553 5458 1641 5510 ubi
1666 5457 1750 5510 ha:

211 5585 462 5643 postremae
497 5574 781 5628 editiones
821 5556 1249 5615 adhibebantur,
1279 5556 1381 5600 tres
1427 5561 1628 5613 semper
1661 5549 1751 5600 ad-

218 5678 364 5730 erant,
389 5682 479 5720 nec
515 5664 723 5728 Quinta
754 5655 882 5708 sine
910 5647 1109 5703 Sexta,
1147 5651 1244 5730 ῐξθθ
1276 5643 1485 5701 “mque
1509 5635 1625 5687 Sine
1651 5635 1749 5688 Se-

220 5720 793 5820 ptima’locumms‘piam
831 5732 1105 5790 habebat.
1131 5721 1319 5778 Verum
1347 5721 1452 5775 haec
1479 5720 1746 5792 Hierony-
1794 5797 1804 5803 ἢ
