3878 6356
612 374 682 431 55
1898 371 2407 427 PRELIMINARIA

614 491 744 545 latio
767 488 875 542 voci
895 487 1092 555 adjacet
1122 484 1192 552 (id
1222 493 1303 538 est
1330 485 1381 537 in
1411 486 1688 555 margine),
1719 486 1932 540 alterius
1954 501 2124 542 autem
2152 497 2198 550 Α
2223 489 2380 541 nibus
2428 488 2674 542 collocari
2725 508 2735 541 :

612 577 887 645 explicatio
910 576 959 625 in
982 572 1302 641 sequentibus
1324 573 1689 648 declarabitur.
1715 573 1849 629 Hinc
1876 587 1956 631 est
1981 578 2124 645 quod

614 668 667 720 in
728 663 1098 718 vetustissimis
1151 664 1564 732 manuscriptis,
1619 666 1755 719 unde
1807 668 2125 734 praecipuam

614 757 964 823 liexaplorum
1000 764 1205 822 partem
1246 757 1625 823 excerpsimus,
1655 757 1755 810 illm
1790 759 2123 825 propriorum

613 847 883 901 nominum
929 843 1309 898 Hebraicorum
1360 845 1819 912 interpretationes
1848 847 1900 898 in
1930 847 2128 914 margi-

611 936 767 991 nibus
792 944 1078 987 occurrant
1101 951 1115 999 ;
1143 944 1200 986 ut
1227 934 1453 1001 exempli
1485 949 1665 998 causa,
1696 935 1748 986 in
1770 936 2126 989 vetustissimo

611 1025 701 1079 illo
722 1024 903 1077 codice
928 1024 1273 1085 Coisliniano,
1302 1025 1390 1090 qui
1427 1024 1619 1076 unciali
1651 1025 1908 1091 quadrato
1944 1026 2129 1077 chara-

609 1124 752 1169 ctere
773 1115 1001 1182 scriptus
1033 1124 1130 1178 est,
1161 1129 1222 1167 ac
1251 1114 1382 1168 sexti
1415 1115 1495 1168 vel
1540 1115 1747 1182 septimi
1795 1106 1970 1168 saeculi
2011 1132 2129 1171 esse

609 1212 847 1273 putatur,
874 1203 939 1256 ad
979 1203 1186 1271 singula
1214 1202 1322 1257 fere
1362 1202 1576 1256 nomina
1616 1203 1827 1271 propria
1869 1203 2127 1271 ejusmodi

609 1295 826 1356 notulae,
853 1293 956 1345 vim
981 1301 1033 1346 et
1060 1293 1427 1362 etymologiam
1460 1292 1688 1347 nominis
1715 1293 2026 1355 indicantes,
2047 1310 2128 1348 re-

610 1384 917 1452 periuntur;
956 1382 1099 1435 verbi
1129 1382 1316 1450 gratia,
1356 1383 1482 1451 ἐδὲμ
1504 1399 1516 1412 ·
1550 1382 1601 1434 in
1633 1398 1821 1450 marg.,
1850 1382 2067 1452 αἴμασις
2093 1382 2125 1453 ἢ

608 1472 804 1542 τρυφὴ,
829 1481 1024 1539 septum
1054 1480 1143 1521 aut
1164 1470 1427 1538 voluptas;
1452 1470 1645 1534 Φισὼν,
1671 1474 1839 1541 στόμα
1863 1472 2044 1543 κόρης,
2072 1488 2126 1525 os

610 1559 824 1628 puellm;
850 1559 1062 1621 Εὑιλὰτ,
1088 1558 1359 1627 ὡδίνησεν,
1386 1561 1698 1626 parturivit;
1724 1559 1891 1629 Γηὼν,
1920 1560 2125 1628 στῆθος,

612 1660 822 1718 pectus;
868 1649 1135 1711 Αἰθιοπία,
1180 1650 1454 1714 σκότωσις,
1497 1651 1878 1713 obtenebratio;
1922 1652 2125 1721 Τίγρις,

612 1740 829 1809 ἁρπαγὴ
859 1739 891 1809 ἢ
926 1740 1262 1803 ταπείνωσις,
1308 1741 1492 1807 rapina
1536 1751 1627 1793 aut
1674 1741 1999 1803 humiliatio;
2028 1742 2129 1793 Εὑ-

2789 505 3097 559 quanquam
3158 491 3219 544 id
3282 488 3543 547 minime
3595 508 3730 547 cons

2228 575 2349 629 Haec
2376 578 2567 643 quippe
2600 576 2767 629 solum
2799 578 3092 631 divinando
3118 577 3375 631 dicimus
3410 594 3425 629 :
3472 582 3655 634 donec
3678 596 3730 633 er

2231 663 2408 729 aliqua
2436 662 2516 715 vel
2539 664 2736 716 tantilla
2763 679 2885 732 pars
2905 664 3307 732 Hexaplorum,
3334 673 3401 718 ut
3424 663 3594 721 initio
3618 669 3728 722 seri

2229 749 2464 815 fuerunt,
2490 764 2520 802 e
2552 752 2788 806 tenebris
2811 754 3110 817 cmerserit,
3146 761 3213 805 ut
3240 752 3364 820 jam
3400 752 3680 820 diximus,
3708 771 3730 823 ι

2228 855 2349 892 nam
2378 840 2765 911 perfectamque
2795 844 3007 899 illorum
3056 845 3329 898 notitiam
3376 845 3668 914 expiscari
3708 861 3724 898 ι

2228 929 2541 983 valebimus.

2230 1038 2319 1093 1X.
2385 1039 2568 1093 Utrum
2622 1042 2855 1113 Origenis
2904 1055 3133 1113 tempore
3184 1043 3546 1098 Samaritani
3588 1054 3644 1098 et
3695 1043 3730 1099 S

2638 1111 2828 1165 Graeca:
2856 1111 3110 1167 versioues
3142 1114 3378 1181 fuerint.

2296 1196 2559 1263 Quaeritur
2586 1217 2710 1255 num
2756 1203 3032 1273 Origenes,
3076 1204 3165 1259 vel
3199 1204 3247 1257 si
3279 1203 3381 1273 qui
3417 1204 3515 1256 alii
3553 1204 3612 1257 in
3657 1202 3730 1258 Co

2231 1289 2503 1343 mentariis
2531 1288 2584 1343 in
2618 1290 2943 1361 Scripturam
2974 1292 3320 1346 Samaritani
3368 1301 3426 1345 et
3460 1292 3600 1362 Syri
3633 1293 3729 1345 lect

2230 1392 2325 1431 nes
2353 1378 2531 1434 Grmce
2559 1382 2933 1447 adhibuerunt,
2965 1398 3059 1436 eas
3088 1397 3156 1436 ex
3188 1381 3564 1435 Samaritana
3598 1391 3657 1434 et
3689 1380 3729 1433 S

2229 1471 2492 1536 versione,
2525 1473 2614 1525 ubi
2658 1489 2791 1542 opus
2822 1474 2922 1528 fuit
2951 1475 3141 1529 Graece
3172 1473 3622 1542 expresserim;
3658 1488 3732 1526 an

2232 1561 2407 1629 aliqua
2439 1561 2758 1616 Samaritani
2784 1574 2836 1617 et
2866 1564 2982 1634 Syri
3014 1565 3204 1619 Graeca
3232 1565 3646 1627 translatione,
3674 1580 3731 1632 pi

2231 1651 2505 1715 adornata,
2559 1656 2782 1708 mutuati
2828 1656 2953 1710 sint.
3005 1654 3253 1709 Graecam
3314 1652 3732 1707 Samaritanor

2230 1740 2523 1795 versionem
2556 1742 2719 1797 fuisse
2748 1744 2924 1796 innuit
2957 1743 3328 1811 Epiphanius,
3368 1758 3510 1796 cum
3546 1743 3634 1795 ait
3668 1740 3732 1811 Sy

613 1830 839 1899 φράτης,
870 1830 1185 1898 ηὐξημένος,
1217 1838 1436 1892 auctus;
1476 1829 1660 1898 Ἀδὰμ,
1689 1830 1940 1899 γηγενὴς,
1968 1830 2000 1899 ἢ
2045 1830 2127 1884 ἄν·

2235 1829 2500 1892 machum,
2530 1839 2587 1882 ut
2614 1828 3070 1883 Samaritanorum
3100 1829 3627 1896 interpretationes
3672 1843 3697 1881 ε
3717 1850 3732 1880 τ

613 1917 899 1988 θρωπος,ἢ
940 1917 1083 1987 χοῦς,
1117 1920 1389 1987 terrigena,
1416 1926 1507 1969 aut
1549 1918 1718 1982 homo,
1744 1927 1832 1970 aut
1863 1918 2046 1986 pulvis.
2072 1917 2135 1971 Et

613 2007 812 2062 similes
841 2007 974 2060 bene
1002 2007 1180 2061 multa:
1204 2025 1217 2059 :
1241 2023 1465 2075 quarum
1489 2022 1578 2061 eas
1608 2009 1778 2061 solum
1810 2023 1929 2076 qua:
1954 2008 2135 2062 melio-

613 2095 688 2149 ris
714 2104 851 2148 notae
876 2095 1001 2149 visa:
1033 2106 1157 2149 sunt
1180 2096 1233 2148 in
1261 2095 1489 2151 decursu
1518 2098 1695 2165 operis
1723 2097 2091 2151 adnotavimus
2114 2116 2129 2163 ;

612 2183 745 2237 alias
764 2191 939 2235 autem
968 2183 1114 2237 nullo
1141 2183 1417 2251 dispendio
1445 2183 1634 2251 negligi
1665 2198 1821 2251 posse
1849 2184 2130 2251 duximus;

614 2282 724 2325 tum
773 2273 896 2341 quia
938 2287 1126 2342 magna
1166 2287 1291 2341 pars
1336 2287 1518 2326 earum
1564 2273 1617 2325 in
1662 2273 1798 2326 libro
1852 2272 2133 2327 Nomiuum

613 2359 993 2414 Hebraicorum
1016 2353 1148 2415 °cusa
1185 2371 1268 2415 est
1291 2378 1305 2426 ;
1335 2370 1445 2414 tum
1486 2363 1644 2415 etiam
1672 2364 1798 2431 quia
1826 2362 2131 2431 hujusmodi

612 2452 946 2521 etymologia:
994 2452 1307 2519 plerumque
1351 2452 1512 2515 leves,
1560 2452 1777 2505 detorta:
1833 2453 2135 2520 nulliusque

613 2540 767 2608 pretii
797 2549 940 2594 sunt.
971 2541 1208 2593 Aliarum
1233 2554 1355 2593 vero
1375 2541 1797 2606 adnotationum,
1825 2557 1958 2610 quas
1985 2544 2135 2597 initio

612 2629 902 2683 editionum
934 2630 1260 2698 singularum
1297 2626 1575 2697 Origenem
1616 2631 1859 2698 posuisse
1899 2632 2135 2686 subindi-

613 2729 700 2774 cat
748 2719 1041 2785 Eusebius,
1090 2721 1373 2775 admodum
1417 2722 1737 2791 deploranda
1782 2721 1989 2789 jactura
2030 2733 2130 2779 est.

612 2806 746 2863 Nam
773 2809 845 2862 ibi
866 2809 1118 2863 editionis
1140 2809 1397 2877 cujusque
1419 2812 1694 2865 historiam
1719 2812 1924 2865 texebat
1953 2821 2006 2866 et
2028 2827 2135 2881 quo

614 2894 733 2946 loco
782 2905 988 2961 reperta
1022 2894 1211 2949 fuisset
1245 2884 1689 2951 indicabat.hlllud
1725 2913 1851 2953 vero
1882 2899 2134 2955 damnum

614 2982 738 3035 licet
763 2981 1088 3051 Epiphanius
1114 2984 1167 3037 in
1196 2984 1332 3038 libro
1379 2984 1449 3038 De
1478 2987 1783 3055 ponderibus
1811 2997 1859 3040 et
1885 2992 2134 3042 mensuris

617 3081 887 3142 utcunque
913 3074 1190 3127 sarciverit
1212 3115 1227 3141 ,
1258 3086 1315 3129 at
1338 3076 1501 3130 multa
1532 3077 1747 3133 miscuit
1770 3078 1855 3132 ille
1875 3090 2134 3149 notasque

614 3172 912 3232 temporum
940 3162 1292 3230 labefactavit,
1318 3173 1374 3218 ut
1402 3165 1640 3234 pluribus
1662 3166 1797 3222 infra
1837 3168 2057 3222 dicetur.

615 3273 749 3330 VIII.
786 3277 867 3329 An
898 3274 1218 3348 Samaritani
1244 3285 1291 3348 et
1318 3273 1447 3348 Syri
1463 3262 1701 3348 lectiones
1726 3279 1781 3331 in
1812 3279 2130 3348 marginibus

1057 3343 1406 3412 Hexaplorum
1432 3345 1691 3399 locaverit.

683 3430 1001 3486 Samaritani
1041 3443 1095 3487 et
1121 3432 1239 3502 Syri
1262 3433 1514 3489 lectiones
1540 3435 1594 3488 in
1624 3436 1952 3504 marginibus
1983 3446 2132 3490 vetu-

615 3522 970 3575 stissimorum
1012 3524 1412 3591 exemplarium,
1458 3540 1577 3594 qua:
1620 3523 1974 3593 Hexaplorum
2020 3527 2131 3579 fra-

615 3620 826 3679 gmenta
847 3611 1115 3676 exhibent,
1140 3628 1368 3681 persaepe
1387 3614 1755 3680 observantur;
1776 3614 1893 3684 Syri
1917 3615 2129 3684 quidem

616 3698 671 3749 in
707 3698 971 3767 plerisque
1017 3698 1302 3769 Scriptura:
1336 3702 1512 3767 libris;
1553 3701 1871 3756 Samaritani
1910 3718 2033 3757 vero
2076 3704 2130 3756 in

612 3784 974 3842 Pentateucho
1020 3798 1224 3844 tantum
1258 3810 1271 3845 :
1316 3792 1405 3845 ubi
1434 3806 1539 3845 non
1581 3792 1939 3861 infrequenter
1970 3794 2131 3847 inter-

615 3879 936 3946 pretationes
995 3878 1313 3934 Samaritani
1379 3882 1806 3948 animadvertas,
1865 3883 2130 3936 interdum

614 3966 774 4032 solas,
802 3968 995 4035 saepius
1032 3984 1151 4022 cum
1194 3970 1419 4022 aliorum
1449 3968 1790 4038 interpretum
1818 3968 2130 4023 lectionibus

612 4058 853 4112 collatas.
899 4058 1031 4111 Cum
1088 4068 1265 4112 autem
1321 4059 1422 4113 illa:
1475 4057 1793 4111 Samaritani
1852 4058 2126 4120 lectiones,

612 4161 720 4199 non
765 4149 816 4199 in
857 4149 1080 4201 vetustis
1116 4149 1389 4202 codicibus
1424 4156 1650 4212 tantum,
1676 4147 1766 4200 sed
1797 4148 1953 4198 etiam
1989 4145 2128 4213 apud

612 4234 796 4289 Patres
827 4239 1026 4304 quarti,
1057 4238 1227 4305 quinti
1254 4248 1308 4292 et
1332 4238 1665 4306 sequentium
1696 4236 2013 4291 saeculorum
2036 4248 2129 4289 oc-

612 4336 851 4389 currant,
882 4328 1155 4395 probabile
1199 4341 1328 4380 sane
1372 4327 1579 4379 videtur
1623 4326 1795 4394 ipsum
1850 4322 2126 4392 Origenem

2233 1926 2382 1981 teret,
2410 1920 2615 1973 tertiam
2654 1919 2884 1973 edidisse
2921 1919 3367 1972 translationem.
3404 1916 3564 1971 Nam
3596 1917 3661 1971 id
3693 1919 3732 1970 si

2232 2004 2564 2061 Samaritana
2617 2008 3095 2076 interpretatione,
3161 2005 3547 2061 Samaritano
3614 2007 3732 2074 vult

2229 2096 2477 2150 idiomate
2523 2095 2682 2162 facta,
2733 2096 2955 2165 intelligi
3004 2096 3285 2165 quispiam
3344 2098 3699 2161 contendat,

2231 2184 2599 2255 Symmachus,
2626 2187 2760 2240 inter
2784 2186 3160 2242 Samaritanos
3186 2187 3607 2250 doctissimus,
3642 2196 3709 2240 ut

2227 2276 2429 2329 hulium
2464 2289 2681 2328 suorum
2728 2274 3128 2328 Samaritanam
3164 2276 3627 2330 translationem
3681 2290 3734 2329 et

2228 2372 2361 2417 teret
2405 2373 2458 2417 et
2499 2362 2814 2428 confutaret,
2844 2364 3087 2419 Graecam
3123 2367 3688 2435 interpretationem
3725 2384 3734 2417 t

2228 2453 2400 2508 derit?
2436 2451 2591 2506 Certe
2638 2454 2856 2507 omnino
2903 2464 3347 2509 consentaneum
3408 2458 3655 2511 videtur
3711 2472 3734 2509 ε

2229 2542 2465 2597 Graecam
2503 2543 2801 2596 versionem
2842 2545 3096 2609 edidisse,
3129 2556 3189 2600 ut
3221 2562 3354 2601 eam
3385 2547 3568 2601 alteri
3602 2545 3734 2600 Grae

2228 2646 2345 2699 quae
2371 2640 2485 2685 erat
2510 2630 2990 2698 Samaritanorum,
3022 2644 3352 2703 opponeret.
3386 2635 3531 2691 Haec
3565 2650 3716 2690 sane

2224 2719 2387 2787 jectio
2412 2720 2696 2772 admodum
2724 2721 2950 2788 urgebit,
2974 2723 3018 2776 si
3054 2732 3239 2776 tamen
3272 2739 3421 2778 vera
3451 2726 3578 2779 sint
3614 2738 3734 2794 qua

2230 2805 2529 2877 Symmachi
2568 2822 2687 2860 cum
2737 2806 3092 2865 Samaritanis
3154 2812 3413 2867 dissidio
3472 2814 3734 2869 narrat!

2228 2896 2456 2965 phanius
2480 2914 2494 2949 :
2521 2912 2641 2949 nam
2667 2896 2784 2965 ejus
2809 2899 3118 2954 testimonio
3144 2918 3255 2956 non
3282 2904 3555 2958 multum
3583 2905 3734 2958 ﬁdim

2228 2986 2297 3039 At
2327 3000 2433 3039 non
2464 2985 2656 3039 desunt
2683 2986 2784 3040 alia
2814 2998 3153 3055 argumenta,
3190 2993 3421 3059 quibus
3454 2995 3515 3049 id
3542 3010 3734 3050 comm

2232 3081 2457 3140 stretur;
2504 3090 2626 3129 nam
2678 3090 2744 3128 ex
2788 3076 2919 3144 ipsis
2966 3077 3337 3137 Samaritana:
3399 3086 3686 3141 editionis
3729 3096 3734 3139 t

2231 3165 2457 3231 gmentis
2482 3164 2741 3233 arguitur,
2767 3181 2826 3219 ea
2857 3181 2922 3220 ex
2960 3169 3144 3239 aliqua
3188 3174 3591 3230 translatione
3642 3175 3736 3230 Gr:

2228 3253 2505 3323 desumpta
2559 3254 2724 3309 fuisse
2774 3275 2788 3309 :
2844 3258 3100 3313 nimirum
3150 3261 3335 3318 Exodi
3403 3282 3616 3332 xxvut,
3671 3268 3732 3329 4,

2228 3338 2397 3393 Levit.
2432 3354 2548 3406 vm,
2579 3341 2633 3407 9,
2660 3357 2763 3395 vox
2808 3342 3069 3399 Hebraica
3112 3357 3352 3415 nsum.
3411 3355 3612 3422 mitra,
3656 3356 3736 3410 sic

2230 3427 2562 3484 Samaritana
2610 3432 2856 3486 versione
2909 3438 3273 3504 exprimitur,~
3306 3445 3567 3515 πήλιον,
3606 3447 3736 3514 piter

2227 3518 2343 3572 Vox
2364 3529 2538 3573 autem
2564 3521 2747 3590 πήλιος
2777 3531 2870 3576 aut
2896 3523 3092 3593 πίλιος,
3122 3543 3250 3582 nam
3282 3531 3569 3605 idipsum
3596 3545 3708 3601 est,

2225 3609 2407 3677 piteus,
2454 3609 2563 3677 jam
2608 3626 2638 3663 a
2665 3609 2950 3667 Plutarcho
2993 3628 3257 3686 usurpata
3305 3623 3736 3694 deprehenditt

2228 3697 2367 3751 unde
2387 3696 2683 3765 colligimus
2706 3698 2941 3756 Graecam
2974 3701 3495 3769 Samaritanorum
3520 3719 3735 3771 versior

2226 3787 2369 3842 illam
2412 3804 2695 3858 usurpasse
2739 3805 2836 3857 pro
2869 3794 3027 3847 mitra
3057 3798 3140 3851 vel
3176 3800 3395 3858 θεάων-ἱ
3445 3810 3736 3877 exprimen

2226 3877 2407 3945 Neque
2431 3878 2573 3931 enim
2606 3878 2922 3947 cogitaverit
2944 3882 3213 3951 quispiam
3243 3902 3483 3948 vocem
3513 3896 3736 3964 hujusm

2227 3965 2678 4021 Latino-Graecam
2708 3968 2761 4021 in
2785 3971 3031 4025 versione
3058 3973 3246 4043 aliqua
3274 3978 3736 4041 Samaritano.\

2227 4057 2335 4125 gari
2383 4057 2631 4110 idiomate
2654 4057 2970 4113 concinnata
2996 4061 3175 4117 locum
3207 4065 3549 4142 habuisse,
3583 4092 3710 4132 cum

2226 4144 2408 4197 dierua
2436 4142 2891 4200 Samaritanorum
2914 4150 3090 4203 versio
3118 4161 3375 4219 ρει-ειηιί
3391 4180 3531 4232 qua,
3567 4176 3630 4221 ιιι
3658 4170 3736 4222 exi

2206 4226 2421 4302 'matur,
2452 4237 2777 4331 longe‘aliud
2799 4240 3060 4296 exhibeat.
3085 4242 3154 4297 Et
3177 4226 3569 4329 Exodjcap.
3597 4276 3675 4330 v1,
3705 4262 3735 4331 ὶ

2225 4342 2407 4381 vocem
2437 4333 2553 4386 rmt
2579 4327 2654 4381 ait
2677 4326 3037 4386 Theodoretus
3063 4333 3116 4387 in
3165 4335 3304 4392 Sam
3322 4326 3585 4406 ειη-ηεξιο
3611 4326 3735 4421 ρέρι

611 4416 864 4470 lectiones
895 4417 1012 4513 illas
1054 4415 1372 4469 Samaritani
1405 4416 1457 4469 in
1496 4416 1733 4485 margine
1773 4413 2122 4513 [lex-aplorum
2156 4452 2199 4505 D
2232 4418 2368 4482 ιαϐἑ,
2400 4419 2527 4513 quia
2564 4418 2805 4513 videlicet
2835 4421 2913 4474 sic
2942 4422 3085 4475 illam
3111 4439 3529 4495 expresserat,
3567 4444 3663 4513 qui

609 4508 872 4576 posuisse.
921 4504 1063 4561 Idem
1108 4520 1267 4575 porro
1308 4506 1588 4560 dicendum
1614 4506 1820 4558 videtur
1860 4505 1925 4557 de
1968 4502 2122 4574 Syro,

609 4599 764 4668 cujus
788 4597 1244 4666 interpretationes
1264 4598 1463 4667 passim
1487 4596 1821 4664 reperiuntur
1836 4594 1889 4647 in
1913 4592 2122 4659 Genesi,

608 4700 661 4743 et
693 4688 896 4752 Exodo,
927 4688 981 4741 in
1010 4687 1236 4741 Psalmis
1263 4688 1408 4750 item,
1441 4687 1492 4739 in
1520 4686 1767 4748 Ieremia,
1798 4685 1850 4737 in
1878 4683 2122 4751 Threnis;

609 4779 748 4846 apud
794 4778 1115 4832 Ezechielem
1166 4778 1348 4839 etiam,
1398 4776 1662 4831 Danielum
1708 4786 1760 4828 et
1801 4772 1954 4829 Osee.
2005 4773 2125 4844 Syri

610 4882 770 4936 porro
799 4868 1047 4922 lectiones
1076 4868 1367 4921 aﬂ‘eruntur
1393 4867 1459 4921 ab
1484 4867 1710 4921 Eusebio
1733 4866 2066 4929 Caesariensi,
2094 4880 2125 4917 a

611 4957 839 5012 Diodoro
858 4956 1101 5013 Tarsensi
1125 4958 1482 5027 frequentius;
1514 4957 1580 5010 ab
1608 4956 1834 5011 Eusebio
1855 4955 2121 5020 Emiseno,

610 5046 948 5117 Hieronymo,
964 5046 1290 5103 Theodoreto
1315 5058 1367 5102 et
1391 5049 1528 5102 aliis.
1550 5048 1806 5114 Quodque
1830 5047 2121 5098 notandum

609 5142 711 5196 est,
752 5130 910 5183 iidem
953 5133 1286 5202 maximeque
1327 5134 1608 5197 Diodorus,
1640 5133 1830 5203 Syrum
1867 5148 1986 5185 eum
2021 5132 2124 5186 He-

610 5222 751 5274 braeo
794 5233 930 5287 saepe
968 5220 1294 5291 conjungunt
1319 5226 1417 5279 hoc
1457 5232 1632 5293 pacto,
1672 5223 1728 5275 ὐ
1769 5221 1933 5291 Σύρος
1978 5224 2069 5274 καὶ
2093 5224 2123 5274 ὁ

620 5306 878 5377 Ἑόραῖος,
919 5307 1019 5370 vel,
1079 5309 1135 5361 Ὀ
1190 5311 1425 5381 Ἐϐραῖος
1468 5314 1560 5366 καὶ
1607 5314 1636 5364 ὁ
1681 5312 1867 5382 Σύρος,
1909 5313 2122 5379 quando

608 5397 807 5451 scilicet
828 5396 1105 5451 amborum
1130 5400 1585 5468 interpretationes
1611 5403 1952 5465 conveniunt,
1978 5402 2121 5469 quod

607 5499 746 5553 saepe
786 5485 1063 5555 contingit.
1095 5485 1185 5541 Ha:
1224 5504 1383 5557 porro
1412 5492 1683 5557 lectiones,
1715 5492 1929 5561 perinde
1963 5500 2121 5559 atque

609 5572 930 5628 Samaritani
977 5576 1044 5628 ab
1095 5568 1339 5645 Origene,
1369 5581 1773 5650 diligentissimo
1814 5577 2118 5635 versionum

607 5663 906 5729 collectore,
940 5669 1226 5732 potuerunt
1255 5667 1413 5722 etiam
1455 5669 1508 5722 in
1540 5668 1894 5739 llexaplorum
1922 5668 2119 5738 margi-

2226 4522 2340 4561 cam
2384 4505 2839 4561 Samaritanorum
2886 4511 3189 4565 versionem
3234 4505 3615 4583 είιυιεηεινίξ,
3660 4532 3735 4585 Nc

2223 4596 2362 4649 enim
2387 4595 2498 4649 haec
2519 4595 2663 4649 varia
2686 4595 2861 4663 lectio,
2894 4600 2974 4652 vel
2998 4616 3061 4652 ex
3089 4601 3327 4659 Samari
3346 4624 3508 4672 ιειηο
3544 4620 3729 4692 scrip;

2223 4691 2390 4745 textu,
2424 4683 2500 4735 vel
2542 4698 2606 4736 ex
2644 4681 2977 4740 Samaritana
3007 4686 3393 4755 Salnarilice
3416 4681 3699 4778 descripl;
3726 4729 3736 4749 π

2223 4770 2625 4868 sione-decerpi
2667 4784 2902 4868 poterat,
2951 4776 3037 4868 ubi
3082 4776 3281 4868 legitur
3399 4770 3683 4868 hodieque
3725 4813 3736 4858 ε

2222 4859 2337 4913 sine
2370 4860 2696 4917 discrimine.
2735 4865 2790 4919 Si
2819 4866 2939 4935 quis
2967 4866 3098 4921 alias
3123 4869 3176 4919 in
3212 4867 3289 4924 Pe
3313 4859 3663 4946 ritateuclio
3692 4908 3723 4946 a

2222 4949 2304 5002 bis
2340 4950 2524 5004 allatas
2564 4951 2887 5011 Samaritani
2942 4956 3245 5023 interpretis
3328 4966 3642 5034 lectiones
3687 4999 3736 5037 at

2222 5047 2335 5092 rate
2361 5043 2671 5110 perpendat,
2698 5061 2764 5101 ex
2791 5046 2991 5113 Graeca,
3016 5045 3069 5100 ni
3104 5044 3286 5115 fallor,

2220 5126 2529 5195 deSumptas
2559 5147 2678 5190 esse
2700 5137 3073 5211 deprehendet.

2290 5215 2395 5269 Nec
2437 5219 2602 5277 oﬂicit
2646 5227 2774 5287 huic
2818 5242 3010 5287 nostra:
3050 5227 3286 5299 opinioni
3397 5256 3536 5302 nota
3595 5269 3736 5322 quau

2218 5302 2375 5409 Num.
2403 5321 2525 5378 cap.
2546 5330 2668 5386 xm,
2694 5320 2750 5392 ᾖ,
2785 5327 2835 5395 1,
2857 5340 2992 5396 quae,
3017 5332 3074 5376 ut
3103 5318 3427 5399 arbitrmr,
3456 5302 3717 5409 Orige'tii—s

2220 5395 2308 5448 ubi
2337 5410 2461 5451 cum
2487 5412 2738 5473 quaedam
2777 5395 3039 5490 praeferret
3067 5409 3307 5466 Samaril-
3344 5395 3513 5482 :anus
3542 5395 3736 5488 ﬁiblio;

2218 5495 2396 5591 textus
2420 5502 2493 5547 ex
2527 5495 2945 5570 Deuteronomio
2986 5507 3281 5591 desumpta,
3384 5517 3585 5572 eadem
3632 5524 3735 5591 ips=

2218 5574 2399 5683 Gfa‘fce
2434 5589 2790 5683 transtulisse
2822 5606 3126 5664 testificatur
3153 5589 3500 5676 Οΐὶεέηθε,
3541 5621 3597 5666 ει
3627 5574 3736 5683 ρτυ-ὶ)

2219 5669 2378 5740 modo
2408 5675 2483 5732 ad
2506 5686 2807 5762 editionem
2831 5703 2969 5763 LXX
2995 5684 3309 5758 accommOG
3347 5707 3469 5760 ato.
3482 5669 3536 5760 ⁷ἃ
3572 5669 3670 5767 κοῖι
3695 5727 3731 5764 α

3388 5062 3736 5138 interpretati
