3878 6376
3001 71 3244 78 -ν-,ντ-ι

200 413 262 465 37
1394 417 1458 471 IN
1498 417 1811 473 HEXAPLA
1847 419 2093 475 OHIGEN
2100 418 2180 473 IS.
3317 439 3383 494 δε

207 529 267 582 ιι
283 518 361 576 τοῖο
377 517 459 571 τῶν
481 496 800 616 Σαξαρξξτξῦν
837 504 1204 616 Eafa-3103
1234 531 1604 602 μετεϐάλομεν
1627 550 1738 586 κατ·

1860 533 1992 588 Hinc
2014 547 2173 602 porro
2202 529 2284 584 sic
2311 521 2604 616 art-303mb:
2634 527 2681 582 si
2711 549 2812 594 vox
2838 543 2922 598 illa
2946 545 2973 596 6
2994 544 3156 616 Σύρος
3181 552 3379 606 νει-εἰσ.

209 612 405 681 αλλήλως
519 600 610 654 τῶν
711 597 1007 695 ὲ-ρ-μηνεᾷίᾳ
1033 612 1121 680 τῇ
1155 597 1245 668 ὲνν
1263 620 1349 690 τῷ
1372 597 1757 695 Δευτερονομίῳ

214 700 444 772 φερομένῃ.
460 694 556 747 Non
574 691 708 782 enim
732 689 826 782 hic
848 693 1066 761 agitur
1097 703 1181 760 de
1204 689 1554 768 Samaritana
1583 689 1756 782 aliqua

216 790 515 847 translatione,
545 782 628 837 sed
657 781 721 834 de
753 781 883 848 ipso
922 794 1112 848 textu
1167 798 1483 858 Βίωίοι-υω
1532 781 1758 858 δειηιῇι-ί-

218 893 324 936 tauo
356 881 452 933 libri
480 880 845 940 Numerorum,
879 879 992 934 ubi
1049 890 1241 946 etiam
1300 897 1462 950 hodie
1504 897 1662 950 multa
1691 912 1756 950 ex

218 969 559 1052 Denteronomio
581 968 834 1034 decerpta
869 978 1310 1041 reperiuntur:
1337 1002 1454 1054 quae
1484 997 1540 1040 ut
1566 1003 1755 1056 reprae-

219 1071 414 1118 sentaret
446 1060 696 1129 Origenes,
726 1074 940 1117 eorum
977 1068 1512 1143 interpretationem
1547 1095 1607 1134 ex
1637 1097 1754 1134 ver.

215 1154 518 1215 sionerGwO',
535 1160 590 1204 ut
617 1152 670 1204 in
699 1151 1180 1219 Deuteronomio
1196 1178 1336 1232 erat,
1365 1180 1637 1224 mutuatus
1653 1181 1748 1226 est.

281 1247 350 1303 De
369 1247 491 1316 Syro.
517 1245 665 1314 cujus
693 1243 1050 1314 frequentes
1081 1256 1353 1314 lectiones
1381 1261 1433 1312 in
1462 1262 1658 1324 multis,
1694 1270 1752 1314 ut

218 1356 361 1409 supra
395 1339 620 1401 diximus,
655 1339 983 1407 Scriptura:
1031 1347 1205 1402 libris
1246 1361 1551 1416 occurrunt,
1582 1353 1751 1419 major

213 1443 288 1487 est
315 1430 578 1485 difﬁcultas.
609 1430 763 1485 Licet
796 1434 961 1488 enim
1022 1442 1206 1496 multa
1255 1445 1478 1498 suadere
1523 1447 1746 1513 possint,

212 1524 362 1576 fuisse
384 1523 494 1575 olim
523 1522 764 1576 Graecam
795 1528 1244 1585 translationem
1276 1549 1340 1586 ex
1384 1535 1622 1587 versione
1653 1533 1748 1604 Sy-

207 1613 338 1665 riaca
380 1611 761 1675 concinnatam,
794 1628 924 1667 eam
962 1632 1170 1686 nempe
1199 1635 1318 1688 quae
1342 1623 1369 1672 6
1399 1620 1563 1690 Σύρος
1587 1636 1747 1674 voca-

209 1708 286 1752 tur
307 1714 334 1751 a
359 1701 640 1765 veteribus;
666 1701 776 1754 alia
803 1711 1000 1758 tamen
1035 1717 1167 1760 sunt
1196 1724 1314 1776 qua:
1339 1709 1404 1762 ab
1428 1710 1526 1762 hac
1549 1711 1746 1778 ample-

204 1789 375 1842 ctenda
410 1789 665 1842 sententia
708 1790 1060 1846 deterreant.
1083 1794 1225 1848 Sane
1257 1796 1319 1850 de
1348 1798 1587 1850 versione
1611 1813 1743 1866 qua-

202 1877 311 1929 dam
354 1878 524 1932 Gmca
560 1881 648 1949 agi
677 1882 902 1935 videtur
935 1883 1142 1939 Ezech.
1179 1902 1294 1949 vm,
1325 1885 1408 1949 16,
1442 1888 1529 1939 ubi
1564 1901 1744 1941 vocem

201 1949 324 2024 DS“
353 1968 510 2037 Syrus
539 1971 827 2036 κιγκλίδα,
873 1973 928 2024 id
965 1984 1050 2027 est
1085 1975 1386 2036 cancellum,
1431 1977 1585 2028 vertit
1625 1994 1638 2028 :
1673 1977 1743 2028 ibi

199 2066 337 2110 vetus
362 2059 705 2121 scholiastes,
745 2062 806 2113 '0
834 2062 1013 2132 Σύρος
1042 2064 1140 2133 τὴν
1168 2065 1407 2129 κιγκλίδα
1436 2065 1601 2129 καλεῖ,
1627 2067 1744 2135 ἥτις

199 2145 393 2211 λέγεται
419 2147 566 2214 παρὰ
609 2152 730 2210 τοῖς
763 2150 989 2212 πολλοῖς
1019 2151 1309 2218 κάγκελλον
1328 2169 1340 2180 ·
1376 2153 1427 2205 id
1454 2161 1551 2211 est,
1584 2152 1744 2219 Syrus

197 2235 449 2288 cinclidem
472 2247 648 2300 vocat,
677 2254 803 2306 qua:
829 2240 971 2305 apud
1001 2240 1194 2293 multos
1231 2241 1422 2292 dicitur
1442 2240 1743 2294 cancellum.

200 2321 286 2376 Ubi
314 2340 411 2376 vox
450 2327 714 2391 κιγκλίδα
751 2327 976 2380 nonnisi
1004 2343 1070 2381 ex
1113 2329 1355 2381 versione
1384 2327 1562 2381 Graeca
1604 2331 1742 2383 sumi

195 2414 417 2478 potuisse
465 2416 708 2468 videtur.
767 2417 838 2468 Et
870 2416 1096 2470 Genesis
1143 2432 1331 2482 xxxrx,
1372 2417 1426 2480 2,
1471 2418 1598 2470 illud
1631 2425 1742 2475 tvvs

192 2487 360 2562 nixam
381 2505 448 2557 ait
487 2505 776 2560 Diodorus
802 2505 1000 2575 Syrum
1025 2506 1248 2560 vertisse
1271 2507 1406 2577 ἀνὴρ
1440 2507 1744 2560 κατευοδού-

198 2610 360 2662 μενος,
377 2595 777 2658 Symmachum
800 2609 980 2651 autem
994 2597 1354 2668 εὐοδούμενος,
1371 2599 1612 2666 Aquilam
1624 2614 1743 2649 κατ-

198 2682 543 2752 ευθυνόμενσς,
575 2683 733 2737 LXX
767 2685 1176 2753 ἐπιτυγχάνων
1212 2701 1330 2752 quae
1375 2686 1741 2740 translationes

198 2771 403 2823 unicqu
433 2772 667 2826 efferunt
717 2789 970 2833 sensum,
1003 2787 1192 2840 nempe
1240 2788 1561 2839 prosperans.
1609 2770 1741 2826 Hinc

196 2873 364 2919 autem
410 2866 527 2933 quid
576 2866 821 2933 colligas
870 2864 1034 2928 aliud,
1075 2864 1180 2916 nisi
1207 2863 1481 2916 lectionem
1516 2862 1632 2932 Syri
1675 2878 1738 2916 ex

194 2955 422 3007 versione
449 2956 646 3010 Graeca
677 2956 1029 3022 desumptam
1062 2953 1248 3007 fuisse.
1293 2951 1422 3005 Nam
1456 2953 1500 3006 si
1549 2952 1739 3006 Diodo-

193 3058 296 3109 rus,
334 3045 412 3098 vel
458 3046 503 3100 is
552 3047 659 3114 qui
705 3046 924 3113 primus
962 3044 1082 3113 Syri
1129 3043 1380 3096 lectiones
1417 3043 1644 3111 collegit,
1673 3057 1737 3095 ex

1856 640 1974 678 nem
2007 625 2246 678 Graecam
2279 632 2345 672 ex
2382 611 2518 683 Syro
2560 613 2753 682 factam
2789 635 2995 701 indicet,
3028 611 3140 705 pari
3174 641 3375 697 ratione

1854 729 1954 768 vox
1995 715 2080 766 illa
2107 716 2134 765 6
2165 709 2413 780 Ἐϐραῖος
2441 705 2732 769 versionem
2767 722 2992 790 aliquam
3024 741 3089 777 ex
3116 725 3371 785 Hebraico

1852 804 2028 858 Graece
2069 803 2260 857 factam
2302 792 2662 867 signiﬁcabit:
2709 815 2764 859 at
2809 813 3088 867 verisimile
3138 831 3239 868 non
3289 829 3370 873 est

1852 893 2155 960 hujusmodi
2204 891 2505 944 versionem
2549 889 2614 942 ab
2642 893 2763 949 aliis
2807 902 3049 955 omnibus
3084 902 3367 971 Scripturae

1851 979 2375 1047 interpretationibus
2418 976 2679 1033 diversam
2706 987 2991 1042 exstitisse.
3035 991 3260 1047 Aliunde
3285 1002 3365 1046 ta-

1850 1083 1969 1120 men
2011 1070 2122 1121 loca
2167 1067 2342 1121 afferri
2392 1076 2634 1135 possunt,
2677 1073 2787 1126 sive
2836 1075 2952 1144 Syri
3002 1086 3202 1132 tantum
3245 1097 3364 1136 esse

1848 1157 2108 1220 dicantur,
2140 1157 2250 1210 sive
2277 1155 2478 1210 Hebraei
2508 1167 2666 1225 atque
2710 1160 2846 1230 Syri,
2883 1180 3000 1230 quae
3030 1184 3093 1220 ex
3123 1171 3362 1223 versione

1847 1247 2021 1314 aliqua
2036 1245 2214 1299 Graeca
2239 1247 2545 1314 deprompta
2569 1249 2828 1304 videntur.
2847 1251 2934 1305 Sic
2955 1252 3192 1309 Jeremize
3213 1274 3359 1328 χχχι,

1845 1353 1999 1390 versu
2048 1337 2100 1401 2,
2134 1337 2221 1390 ubi
2276 1337 2328 1389 in
2375 1335 2590 1390 Ilebraao
2637 1339 2823 1407 legitur
2848 1351 2925 1425 In,
2954 1351 3004 1395 et
3033 1342 3168 1395 LXX
3200 1345 3358 1399 inter-

1845 1426 2030 1494 pretati
2077 1435 2199 1479 sunt
2246 1424 2456 1494 Θερμὸν,
2504 1425 2749 1491 calidum,
2787 1429 2974 1497 Aquila
3027 1448 3170 1496 vero,
3207 1434 3358 1503 Sym-

1843 1519 2062 1572 machus
2101 1524 2150 1570 et
2196 1516 2482 1568 Theodotio
2531 1517 2684 1588 χάριν
2731 1529 2958 1585 vertunt,
2999 1521 3358 1579 Theodoretus

1844 1608 1954 1662 haec
2003 1607 2178 1666 habet,
2209 1606 2264 1657 τὸ
2293 1606 2504 1675 θερμὸν,
2547 1609 2574 1657 ὁ
2611 1608 2774 1678 Σύρος
2810 1610 2902 1662 καὶ
2932 1613 2958 1661 6
3015 1611 3250 1680 Ἐϐραῖος
3279 1617 3354 1666 οξ-

1842 1696 2083 1765 κτιρμὸν,
2129 1694 2445 1747 τεθείκασιν’
2478 1697 2526 1748 id
2561 1706 2658 1758 est,
2702 1699 2944 1761 calidum,
2995 1699 3154 1767 Syrus
3205 1713 3354 1770 atque

1846 1786 2109 1850 Ilebrwus,
2132 1787 2526 1849 miserationem,
2557 1800 2850 1855 posuerunt.
2884 1791 2944 1843 Et
2971 1793 3157 1849 lizeeh.
3187 1810 3350 1857 xxv",

1843 1875 1928 1938 24,
1958 1875 2046 1928 ubi
2090 1875 2144 1926 in
2177 1873 2395 1927 Hebrzeo
2443 1876 2628 1944 legitur
2657 1863 2838 1938 τῖε-15³2
2871 1865 3130 1945 DtSLJJm,
3165 1883 3351 1950 Aquila

1842 1969 2017 2030 vertit,
2045 1967 2452 2034 ὲγκατασκεύοις
2489 1967 2827 2037 εἱλήμμασιν,
2865 1975 3170 2026 constructis
3208 1975 3352 2026 ineo--

1841 2057 1999 2109 lucris
2020 2073 2038 2118 ;
2060 2056 2428 2126 Symmachus,
2453 2060 2683 2124 pretiosis
2715 2059 3020 2122 involucris;
3039 2061 3353 2132 Theodotio,

1842 2148 1896 2197 ὲν
1939 2146 2178 2215 μακαλὶμ
2211 2146 2299 2198 καὶ
2340 2145 2560 2214 γαλιμὰ,
2609 2149 2658 2199 in
2719 2149 2988 2202 maclialim
3040 2161 3088 2204 et
3134 2153 3348 2220 galima.

1842 2233 2199 2289 Theodoretus
2242 2249 2368 2288 vero
2409 2233 2525 2304 Syri
2565 2237 2836 2289 lectionem
2873 2238 3019 2292 affert
3046 2240 3126 2294 his
3155 2243 3351 2310 verbis,

1840 2325 1896 2375 ἐν
1927 2323 2252 2393 ἀποκρύφοις
2295 2323 2538 2376 σκεύεσι·
2568 2325 2706 2377 οὕτω
2729 2325 2834 2394 γὰρ
2857 2327 2944 2378 καὶ
2982 2329 3008 2378 ὁ
3036 2328 3198 2397 Σύρος
3232 2331 3352 2399 νοή-

1841 2430 1935 2475 σας
1956 2415 2283 2483 ἡρμήνευσεν
2303 2431 2315 2443 ·
2345 2414 2397 2466 id
2429 2424 2527 2476 est,
2557 2416 2622 2468 In
2652 2419 2863 2469 occultis
2909 2421 3041 2471 vasis
3071 2435 3088 2471 :
3111 2421 3184 2472 ita
3214 2421 3348 2472 enim

1838 2502 2117 2569 intelligens
2150 2501 2310 2570 Syrus
2345 2505 2630 2557 transtulit.
2672 2504 2734 2555 Et
2758 2507 2946 2558 Ezech.
2975 2523 3089 2574 cap.
3123 2524 3346 2572 xxxviii,

1837 2591 1888 2657 ᾗ.
1915 2592 1966 2653 2,
1994 2593 2080 2644 ubi
2098 2593 2286 2660 legitur
2311 2603 2447 2671 1m
2468 2603 2613 2657 tvm,
2635 2604 2776 2647 nutat
2803 2594 3182 2660 Theodoretus,
3208 2598 3278 2650 Τδ
3292 2599 3347 2650 δὲ

1848 2679 1977 2742 Ῥὼς
2009 2681 2241 2749 κεφαλὴν
2265 2683 2292 2732 6
2313 2682 2378 2732 Σύ
2387 2700 2474 2750 ρος
2497 2685 2843 2752 ἡρμήνευσεν,
2874 2685 2965 2735 καὶ
2991 2687 3018 2736 ὁ
3055 2685 3271 2748 Ἀκύλας
3291 2687 3348 2738 δὲ

1836 2769 2068 2840 κεφαλὴν
2095 2771 2271 2838 Μοσὺχ
2307 2771 2366 2822 τὸ
2406 2771 2534 2833 Ῥὼς
2560 2772 2738 2841 Μοσὺχ
2769 2775 3129 2843 ἡρμήνευσεν·
3167 2776 3216 2829 id
3244 2786 3344 2843 est,

1837 2858 1996 2926 Syrus
2025 2859 2123 2912 Ros
2150 2869 2299 2926 caput
2337 2861 2730 2928 interpretatur;
2766 2872 2814 2915 et
2844 2865 3031 2932 Aquila
3063 2867 3219 2918 etiam
3245 2866 3344 2920 Rat

1838 2950 2066 3011 Mosae/1,
2113 2959 2264 3016 caput
2317 2949 2542 3015 Mosoch,
2571 2953 2954 3019 interpretatur.
3005 2955 3079 3007 Ibi
3109 2971 3232 3010 vero
3264 2955 3345 3022 S.,

1837 3037 1994 3102 LXX,
2025 3037 2147 3103 Th.,
2185 3037 2315 3100 Ῥὼς
2345 3039 2522 3107 Μοσὸχ
2547 3041 2866 3108 interpretati
2893 3052 3032 3099 sunt.

191 3133 394 3202 Syriaco
440 3135 595 3189 fonte
630 3135 790 3204 ipsas
832 3135 1093 3202 petiisset,
1143 3133 1426 3200 Graeceque
1474 3133 1734 3196 vertisset,
1764 3143 1804 3198 ο
1905 3124 2025 3178 HERC
2046 3141 2172 3178 sane
2202 3125 2334 3188 loca.
2365 3135 2415 3179 et
2445 3129 2546 3179 alia
2585 3129 2736 3197 longe
2776 3131 2923 3196 plura
2956 3148 3073 3200 qua
3112 3134 3348 3200 proferre

190 3238 441 3294 nunquam
493 3241 640 3278 sane
693 3225 988 3278 lectionem
1036 3222 1294 3287 Graecam,
1335 3223 1453 3275 aliis
1493 3224 1738 3277 omnibus

189 3315 721 3382 interpretationibus
761 3328 1123 3384 synonymam
1162 3313 1446 3380 posuisset,
1487 3321 1546 3365 ut
1588 3327 1738 3365 com-

190 3405 467 3458 mentitium
486 3405 799 3458 discrimen
831 3402 1128 3456 exhiberet.
1151 3399 1265 3453 Vox
1286 3401 1477 3469 quippe
1499 3400 1732 3470 Syriaca,

187 3508 292 3558 qua:
340 3494 472 3546 verti
521 3500 754 3561 poterat
803 3489 1276 3558 κατευοδούμενος,
1331 3505 1480 3556 aeque
1533 3498 1736 3557 poterat

186 3580 532 3650 ιὺσδούμενος,
563 3594 616 3634 et
651 3579 1144 3647 κατευθυνόμενος,
1171 3587 1224 3630 et
1260 3579 1620 3646 ἐπιτυγχάνων
1645 3593 1736 3632 ex-

183 3671 352 3736 plicari
387 3690 400 3723 :
441 3686 620 3736 neque
647 3671 808 3722 enim
845 3668 1220 3721 tenuissimum
1263 3666 1389 3720 illud
1427 3666 1732 3732 discrimen,

184 3761 314 3826 quod
342 3760 480 3812 inter
508 3761 608 3814 has
647 3757 878 3812 Grateas
908 3771 1070 3810 voces
1104 3755 1401 3819 intercedit,
1432 3757 1482 3807 in
1519 3755 1734 3824 Syriaco
1797 3807 1800 3810 .

181 3849 519 3901 animadverti
574 3854 826 3916 poterat.
878 3843 1004 3897 Hinc
1048 3853 1100 3896 et
1145 3844 1358 3904 similia,
1407 3859 1524 3911 quae
1565 3844 1734 3912 quivis

181 3936 452 3988 observare
485 3936 699 4004 possit,
734 3934 982 3987 Graecam
1013 3932 1243 3998 aliquam
1277 3930 1442 3984 fuisse
1481 3930 1732 4000 Syrorum

179 4025 462 4079 versionem
509 4027 780 4079 indicare
826 4023 1100 4076 videntur.
1148 4020 1346 4074 Verum
1394 4035 1499 4072 non
1545 4021 1734 4074 desunt

177 4113 401 4179 exempla
432 4114 541 4166 alia
573 4129 706 4182 qua:
737 4110 872 4164 huic
905 4109 1145 4176 opinioni
1175 4108 1444 4162 adversari
1469 4107 1730 4173 videntur,

180 4209 228 4251 ut
253 4210 332 4253 est
358 4203 487 4254 illud
520 4218 588 4254 ex
628 4201 874 4270 Didymo
902 4198 1040 4252 Gen.
1086 4214 1198 4262 vni,
1246 4198 1296 4260 7,
1350 4196 1406 4248 Ὀ
1445 4196 1607 4265 Σύρος
1629 4195 1732 4266 ὀὐχ

177 4288 357 4354 ὀμιίως
384 4293 448 4359 τῇ
489 4290 821 4360 Ἑλληνικῇ·
869 4289 1019 4354 λέγει
1055 4285 1179 4354 γὰρ,
1206 4285 1556 4351 ὑπέστρεψε,
1589 4287 1678 4338 καὶ
1705 4289 1732 4338 ὁ

186 4377 412 4448 Ἐϐραῖος
430 4398 444 4410 ο
477 4383 529 4434 id
552 4392 664 4444 est,
689 4379 862 4448 Syrus
887 4394 990 4430 non
1015 4377 1231 4430 similem
1257 4375 1448 4428 ercaz
1469 4375 1731 4428 lectionem

1835 3229 2132 3281 possemus,
2162 3217 2455 3268 versionem
2488 3218 2715 3286 aliquam
2745 3219 2979 3273 Graecam
3007 3236 3070 3274 ex
3107 3221 3238 3292 Syro
3268 3224 3348 3276 fa-

1835 3312 1970 3355 ctam
1997 3303 2229 3356 indicare
2249 3304 2492 3357 videntur
2525 3323 2538 3358 ι
2566 3321 2735 3374 neque
2765 3308 2904 3360 enim
2935 3307 3085 3362 facile
3109 3312 3347 3365 credide-

1833 3391 1931 3442 rim
1973 3392 2254 3458 scriptores
2295 3392 2410 3446 illos
2451 3405 2996 3465 commentatoresque
3026 3408 3226 3454 veteres
3254 3401 3346 3468 qui

1837 3476 1954 3545 Syri
2000 3478 2112 3531 loca
2147 3479 2390 3544 afferunt,
2427 3481 2506 3534 vel
2542 3481 2840 3548 Origenem,
2872 3487 2960 3554 qui
2993 3487 3215 3543 fortasse
3247 3490 3344 3543 has

1835 3566 1953 3636 Syri
2003 3570 2464 3636 interpretationes
2512 3571 2565 3622 in
2614 3559 2939 3642 marginib'us
2989 3575 3344 3645 Hexaplorum

1831 3659 2085 3725 posuerit,
2120 3658 2387 3727 Syriacam
2419 3660 2586 3728 ipsam
2624 3665 2918 3718 versionem
2948 3681 3054 3733 prae
3101 3670 3345 3724 manibus

1832 3763 2038 3816 semper
2066 3749 2332 3813 habuisse,
2363 3761 2413 3803 et
2443 3752 2558 3805 loca
2587 3769 2705 3820 quae
2727 3756 2793 3807 ab
2827 3756 2945 3810 aliis
2971 3758 3346 3830 interpretibus

1830 3842 2198 3908 discrepabant
2239 3844 2586 3900 transtulisse.
2615 3845 2766 3909 Quod
2807 3856 2978 3901 tamen
3011 3865 3116 3903 non
3151 3852 3221 3904 ita
3250 3867 3346 3905 ex-

1831 3932 2090 4000 ploratum
2120 3947 2236 3985 esse
2265 3933 2511 3994 arbitror,
2537 3941 2594 3984 ut
2619 3945 2733 3987 tuto
2770 3935 3027 3988 affirmare
3057 3939 3274 4003 possim.

1897 4021 2046 4086 Quod
2097 4023 2282 4074 attinet
2318 4022 2381 4074 ad
2415 4022 2665 4075 lectiones
2723 4023 2839 4075 illas
2870 4038 2988 4090 quae
3021 4023 3343 4092 frequentis-

1830 4110 1983 4174 sime,
2015 4111 2112 4164 hac
2160 4110 2370 4177 praeﬁxa
2413 4121 2555 4174 nota,
2624 4111 2680 4163 '0
2717 4112 2976 4181 Ἐϐραῖος,
3036 4122 3343 4173 occurrunt,

1829 4207 2028 4251 eertum
2056 4198 2266 4265 quidem
2322 4208 2402 4250 est
2457 4197 2572 4250 illas
2608 4213 2713 4251 non
2739 4214 2855 4253 esse
2906 4200 3130 4266 Aquilae,
3161 4212 3344 4256 contra

1829 4303 1986 4355 quam
2014 4287 2253 4339 nonnulli
2286 4287 2524 4339 arbitrati
2557 4298 2697 4354 sunt,
2747 4299 2804 4341 ut
2852 4291 3026 4342 statim
3055 4291 3348 4358 deprehen-

1828 4378 1915 4430 det
1941 4377 1985 4428 is
2011 4380 2101 4444 qui
2134 4377 2270 4430 hanc
2317 4377 2672 4446 Hexaplorum
2731 4380 3091 4432 collectionem
3133 4397 3347 4449 percur-

176 4468 311 4521 habet
333 4510 347 4529 ,
382 4472 516 4522 dicit
546 4472 726 4534 enim,
755 4482 1014 4521 reversus
1057 4474 1155 4528 est,
1184 4474 1239 4518 ut
1261 4477 1308 4518 et
1335 4465 1600 4518 Hebraeus.
1624 4465 1732 4518 Cur
1761 4453 1803 4506 Ι)
1827 4476 1924 4520 ret.
1952 4467 2081 4520 Nam
2123 4467 2432 4536 plerumque
2485 4471 2739 4539 contingit
2785 4481 2840 4524 ut
2877 4482 2996 4539 post
3019 4472 3228 4524 allatam
3255 4472 3345 4523 τοῦ

173 4558 299 4612 dicat
320 4559 515 4628 Syrum
539 4575 661 4613 non
703 4557 947 4612 similem
982 4554 1180 4608 Grazcaa
1207 4555 1485 4609 lectionem
1517 4555 1727 4617 habere,

174 4647 210 4695 si
234 4646 342 4712 ipse
382 4646 557 4716 Syrus
591 4647 796 4700 Graece
822 4644 1148 4712 loquebatur
1178 4645 1229 4696 in
1263 4643 1508 4696 versione
1531 4657 1594 4695 ex
1626 4658 1727 4710 qua

174 4733 428 4789 hodiernae
473 4734 813 4802 hujusmodi
849 4732 1113 4786 lectiones
1146 4731 1376 4784 collectae
1404 4739 1527 4784 sunt
1557 4749 1569 4783 :
1603 4745 1730 4784 sane

177 4839 285 4875 cum
311 4825 570 4894 Didymus
603 4825 870 4878 Graecum
924 4821 1064 4889 Syro
1107 4829 1357 4887 opponat,
1388 4819 1544 4872 lectio
1570 4835 1727 4886 quam

181 4911 316 4966 all’ert
353 4929 417 4967 ex
450 4916 566 4982 ipsa
605 4913 847 4982 Syriaca
880 4909 1132 4961 versione
1161 4907 1439 4974 desumpta
1464 4914 1515 4958 et
1553 4906 1729 4961 Graece

183 5016 317 5055 versa
345 5004 514 5058 fuisse
541 5005 798 5056 videtur.
834 4999 1038 5052 Verum
1068 4997 1195 5049 huic
1215 5007 1522 5064 argumento
1548 4997 1729 5062 reponi

186 5103 356 5157 potest,
381 5095 468 5148 hic
494 5093 704 5164 Syrum
741 5091 878 5153 dici,
915 5103 1025 5140 non
1057 5086 1202 5153 quod
1237 5087 1347 5138 haec
1379 5085 1548 5138 versio
1578 5085 1726 5154 Syra,

193 5181 271 5231 sed
296 5185 420 5248 quod
443 5184 513 5236 ab
539 5185 853 5249 interprete
880 5177 1044 5245 Syro,
1080 5174 1259 5226 Graece
1287 5188 1380 5240 pro
1405 5172 1568 5242 Syris,
1594 5174 1729 5229 facta

193 5277 350 5333 esset;
388 5272 616 5340 parique
671 5268 850 5321 modo
912 5259 1230 5328 Ἑλληνικὴν
1275 5260 1375 5312 dici
1425 5259 1728 5327 editionem,

196 5369 303 5420 quae
325 5360 381 5410 ab
404 5362 701 5428 interprete
734 5356 933 5410 Graeco
961 5351 1113 5404 facta
1153 5347 1337 5400 fuerat.
1368 5348 1518 5402 Aliud
1555 5361 1726 5403 autem

196 5445 421 5505 occurrit.
442 5444 588 5516 quad
617 5446 866 5498 fortasse
890 5437 1076 5503 magis
1107 5443 1318 5501 urgeat:
1349 5433 1603 5490 Eusebius
1624 5437 1732 5492 Cae-

199 5532 422 5588 sariensis
459 5543 890 5600 nonnunquam,
919 5535 978 5579 et
1009 5522 1279 5574 Diodorus
1322 5519 1588 5579 Tarsensis
1622 5527 1732 5581 fre-

200 5622 513 5682 quentissime
560 5620 782 5675 κειπωί
835 5628 888 5668 et
935 5611 1069 5680 Syri
1105 5609 1352 5662 lectiones
1389 5613 1531 5677 quasi
1563 5631 1729 5669 unam

211 5708 414 5775 alterum,
429 5713 524 5766 hac
541 5711 837 5781 praemissa
861 5710 1000 5756 nota
1020 5715 1033 5750 :
1055 5699 1116 5749 Ὁ
1138 5695 1368 5764 Ἐϐραῖος
1383 5701 1466 5751 καὶ
1487 5702 1513 5752 ὁ
1532 5703 1724 5772 Σύρος.

1841 4556 2082 4625 Ἑϐραῖοι)
2137 4557 2652 4623 interpretationem,
2699 4574 2822 4612 mox
2887 4569 3138 4626 sequatur
3193 4560 3347 4613 lectio

1828 4643 2048 4710 Aquila},
2076 4643 2143 4696 ab
2162 4657 2223 4696 ea
2257 4647 2411 4712 longe
2447 4645 2672 4700 diversa.
2696 4647 2944 4716 Alioquin
2969 4648 3076 4711 ille,
3103 4647 3346 4715 quisquis

1829 4733 2032 4800 tandem
2058 4731 2232 4792 fuerit,
2267 4731 2534 4798 Hebraeus,
2588 4751 2691 4788 non
2726 4745 2828 4788 tam
2859 4737 3166 4800 scrupulose
3187 4737 3344 4789 verba

1827 4836 2086 4889 vocesque
2137 4822 2371 4889 singulas
2419 4831 2650 4876 sectatur
2679 4839 2835 4891 quam
2877 4823 3087 4889 Aquila.
3141 4821 3343 4877 Hebrazi

1827 4924 1983 4977 porro
2011 4910 2220 4962 nomine
2244 4910 2458 4978 intelligi
2497 4910 2722 4964 fortasse
2761 4919 2984 4978 possunt
3016 4909 3216 4964 Hebraei
3267 4913 3343 4964 illi

1829 4996 2092 5060 doctores,
2122 4997 2316 5064 quibus
2371 4997 2423 5048 in
2453 4996 2740 5064 Scripturis
2767 4999 3090 5065 explicandis
3120 5002 3344 5053 uteban-

1827 5093 1912 5137 tur
1936 5095 2155 5146 veteres,
2190 5088 2520 5152 maximeque
2547 5085 2818 5154 Origenes,
2841 5087 2904 5140 de
2931 5102 3035 5154 quo
3057 5089 3130 5140 ait
3160 5088 3345 5142 Hiero-

1828 5187 2017 5242 nymus
2041 5173 2289 5241 Apologia
2317 5173 2381 5222 ad
2413 5171 2649 5238 Ruﬁnum
2681 5191 2693 5226 :
2732 5173 2837 5225 Nec
2863 5174 3189 5243 dedignatur,
3207 5175 3347 5229 Scri-

1828 5271 2033 5329 pturam
2078 5264 2434 5329 interpretans,
2465 5276 2553 5325 per
2588 5263 2790 5331 singula
2813 5264 2923 5316 loca
2967 5265 3088 5331 quid
3115 5264 3344 5318 Hebreis

1829 5352 2058 5404 videatur
2094 5351 2331 5402 inserere.
2360 5347 2591 5401 Hebraeis
2617 5351 2742 5404 item
2779 5353 3081 5405 doctoribus
3113 5352 3196 5404 usi
3223 5359 3350 5404 sunt

1829 5437 2106 5499 Eusebius,
2138 5437 2486 5501 Hieronymus
2512 5436 2726 5505 aliique.
2785 5439 3031 5506 Origenes
3061 5451 3208 5497 vero,
3258 5436 3350 5501 qui

1828 5525 2036 5580 Judacos
2060 5527 2361 5593 frequenter
2389 5523 2584 5588 adibat,
2640 5537 2698 5580 ut
2739 5530 2804 5581 de
2849 5527 3131 5592 Scripturze
3179 5523 3355 5572 littera

1829 5619 2153 5683 edoceretur,
2185 5615 2308 5668 inde
2336 5611 2638 5678 frequentes
2694 5617 2784 5668 τοῦ
2824 5613 3068 5682 Ἐϐραίου
3093 5610 3361 5669 interpre-

1831 5705 2053 5760 tationes
2081 5706 2134 5758 in
2174 5700 2511 5770 marginibus
2556 5701 2913 5772 Hexaplorum
2943 5700 3074 5752 forte
3098 5688 3368 5761 posuerit.
