3878 6374
635 411 702 465 39
1941 376 2453 440 ΡΒΕΙιΙΜιῗηΑΒΙΑ

637 517 820 585 Neque
858 521 1031 566 tamen
1080 519 1289 567 omnes,
1327 516 1444 571 quae
1495 500 1559 554 ad
1587 513 1685 554 nos
1736 510 1905 564 usque
1933 495 2156 549 devene-
2184 498 2230 555 Α
2255 488 2502 556 scrupulo
2531 485 2670 540 dico.
2700 481 3031 548 Quibusdam
3053 477 3191 532 enim
3214 477 3268 529 in
3290 474 3444 534 locis,
3467 471 3674 527 maximi

2263 580 2312 585 “““
2429 576 2448 585 ’
2491 577 2501 585 ⁸
2603 584 2607 585 ⁷
2735 573 2756 585 ⁸
2962 579 2974 585 ·
3078 583 3090 585 -
3115 567 3256 585 l—u—A
3295 564 3490 585 II-L_-:
3517 563 3674 585 ξ-ι---

640 616 781 669 runt,
833 601 925 655 τοῦ
958 596 1200 667 Ἐϐραίου
1254 594 1506 648 lectiones
1545 607 1608 644 ex
1641 589 1867 657 Origene
1913 598 2156 638 manasse

638 696 889 749 videntur
913 707 927 740 :
956 702 1078 740 nam
1105 682 1386 737 verisimile
1410 688 1490 733 est
1513 676 1818 738 Eusebium,
1848 673 2156 733 Diodorum,

638 783 1010 850 Hieronymum
1062 785 1115 828 et
1155 774 1287 826 alios
1334 786 1363 823 a
1416 768 1721 823 doctoribus
1767 764 1880 818 suis
1923 760 2157 814 Hebreis

637 871 766 924 alias
794 866 1080 934 accepisse,
1111 876 1227 930 qua
1250 858 1475 912 fortasse
1501 857 1550 909 iu
1581 856 1682 908 hac
1703 851 2012 908 collectione
2034 861 2156 901 cum

635 956 968 1030 Origenianis
1007 953 1271 1024 permistaa
1302 955 1445 1003 sunt.
1475 945 1602 1001 Haec
1652 956 1865 1014 quoque
1911 954 2016 994 non
2042 939 2159 992 sine

2261 580 2395 632 libro
2423 576 2542 637 Job,
2593 584 2700 629 tam
2732 573 3039 641 frequentes
3071 567 3261 620 adsunt
3295 564 3492 619 Hebmi
3517 563 3674 630 interp

2258 668 2326 721 tis
2354 666 2626 726 lectiones,
2680 673 2740 716 ut
2786 662 2942 715 facile
2987 657 3128 714 credi
3178 656 3347 724 possit
3391 668 3481 707 eas
3508 653 3573 707 ab
3600 653 3674 704 alit

2257 757 2494 809 versione
2519 753 2696 807 Graeca
2750 752 3060 817 desumptas
3099 759 3236 799 esse.
3256 744 3450 811 'ltaque
3478 742 3674 795 donect

2255 845 2367 897 rius
2415 843 2697 911 quodpiam
2756 850 2996 894 veterum
3051 834 3416 890 testimonium
3475 847 3506 886 e
3551 833 3674 886 tencl

2254 934 2547 996 emerserit,
2559 932 2624 984 de
2650 931 2731 984 his
2751 929 2964 984 nonnisi
2986 924 3300 980 bariolando
3317 921 3460 992 loqui
3473 935 3674 990 possum

1649 1111 2018 1200 CAPUT
2087 1054 2752 1194 SECUNDUM.

1849 1225 1936 1283 De
1994 1227 2162 1282 textu
2217 1216 2546 1278 Hebraico.

637 1337 676 1388 1.
696 1337 878 1388 Textus
897 1335 1175 1389 Hebraicus,
1195 1335 1245 1380 in
1267 1331 1497 1392 Hexaplis
1519 1329 1804 1387 descriptus,
1828 1322 2182 1392 idem_e1_-at‘qui
2208 1319 2493 1392 hodiernus,‘
2503 1330 2611 1392 non
2637 1320 2808 1392 autem
2821 1311 3491 1392 priscasillifamaritanus.
3511 1310 3570 1392 ll.
3599 1312 3672 1392 ‘Sp

696 1372 1343 1457 [Biliﬁu‘éEZ'xii'iﬁiér'ai-ﬁii
1358 1372 1699 1457 EEb-rai‘car‘um
1709 1372 1950 1457 veterum.
1966 1384 2049 1454 lll.
2065 1372 2133 1430 Ei
2155 1372 2748 1457 quaAru‘mdan‘i'lni‘tterarumI
2757 1372 3306 1457 inter‘lsesin'iililgdige
3331 1372 3674 1457 qqant‘a‘lectiox

699 1429 2087 1516 emimiili‘eiBFé'ii'u'éE;Eiiéiiéiigjaéiﬁiiflemnisci,
2113 1429 2393 1501 scripturam
2435 1437 2713 1486 Hebraicam
2737 1435 2931 1497 legendi
2974 1445 3129 1482 more.
3151 1433 3208 1481 ν.
3241 1432 3316 1481 De
3336 1429 3492 1480 veteri
3514 1429 3674 1479 littera!

695 1508 1100 1580 pronuntiatione.
1126 1515 1204 1562 Vl.
1227 1513 1299 1561 De
1324 1510 1562 1558 vocalibus
1585 1508 1918 1556 Hebraeorum.

636 1597 679 1654 Ῑ.
713 1599 902 1652 Textus
935 1596 1234 1658 Hebraicus,
1284 1593 1336 1644 in
1377 1590 1624 1658 Hexaplis
1670 1584 2160 1658 descript_us.__idem

704 1650 922 1734 eratqui
943 1650 1235 1726 hodiernus,
1265 1677 1368 1714 non
1401 1650 1572 1711 autem
1614 1657 1812 1725 priscas
1837 1650 1946 1706 'ille
1976 1650 2161 1706 Sama-

708 1749 929 1788 ratauus.

705 1822 988 1885 Eusebius,
1042 1818 1183 1871 Hist.
1212 1817 1360 1881 eccl.,
1403 1814 1494 1868 lib.
1546 1829 1621 1877 vi,
1669 1811 1743 1866 ait
1785 1809 2060 1878 Origenem
2093 1806 2157 1860 ad

642 1910 873 1978 llexapla
925 1908 1285 1963 concinnanda
1331 1901 1734 1974 πρωτοτύπους,
1765 1900 1876 1954 sive
1910 1896 2156 1966 primige-

642 2000 758 2052 nias
779 2006 830 2051 et
855 1996 1182 2050 authenticas
1205 1993 1542 2046 Hebraaorum
1567 1990 1856 2056 scripturas
1884 1985 1986 2039 sibi
2013 1997 2157 2036 com-

646 2102 876 2158 parasse,
916 2086 1011 2147 τὰς
1053 2101 1110 2136 τε
1141 2083 1284 2154 παρὰ
1322 2082 1427 2134 τῶν
1486 2078 1744 2132 Ἰουδαίων
1795 2074 2158 2145 ὲμφερομὲνας

647 2175 1020 2248 πρωτοτύπους
1079 2173 1256 2234 αὐτοῖς
1296 2169 1556 2239 Ἐϐραίων
1598 2167 1871 2235 στοιχείοις
1923 2162 2156 2234 γραφὰς,

643 2265 821 2334 κτῆμα
851 2263 974 2315 ἴδιον
1002 2258 1340 2330 ποιήσασθαι.
1369 2256 1471 2310 Ubi
1499 2255 1694 2323 optime
1720 2261 1865 2306 notat
1894 2252 2157 2312 Valesius,

645 2353 928 2408 Eusebium
963 2366 1125 2404 sacrm
1150 2349 1433 2416 Scriptura:
1483 2345 1691 2399 codices
1731 2341 2016 2395 Hebraicos
2044 2339 2160 2392 ideo

645 2439 1018 2509 πρωτοτύπους
1047 2439 1154 2491 sive
1175 2434 1517 2504 primigenios
1545 2445 1753 2493 vocare,
1785 2443 1887 2480 non
1908 2427 2047 2496 quod
2078 2441 2162 2479 re-

645 2547 768 2584 vera
797 2539 974 2583 essent
999 2526 1370 2596 primigenium
1401 2523 1666 2589 exemplar
1696 2529 1748 2573 et
1775 2519 2159 2587 autograpbum

646 2623 712 2676 ab
739 2621 901 2675 Esdra
934 2618 1321 2684 conscriptum;
1345 2612 1435 2666 sed
1459 2609 1829 2682 πρωτοτύπους
1857 2615 1909 2660 et
1935 2608 2159 2659 authen-

649 2716 782 2769 ticos
815 2712 1076 2782 appellare
1101 2708 1493 2776 comparatione
1520 2701 1660 2755 facta
1689 2716 1808 2754 cum
1835 2698 2028 2752 Graecis
2054 2697 2163 2749 edi-

649 2807 904 2869 tionibus,
933 2814 1038 2857 tam
1061 2801 1397 2869 Septuaginta
1442 2799 1804 2864 interpretum.
1831 2806 1990 2860 quam
2031 2790 2162 2842 alio-

649 2912 789 2960 rum,
815 2910 934 2962 qua:
976 2901 1128 2947 erant
1171 2889 1629 2958 interpretationes
1658 2886 1722 2938 ad
1762 2883 2030 2950 exemplar
2060 2879 2163 2934 He-

646 2985 886 3038 braicum
911 2983 1252 3036 concinnatae.
1294 2979 1473 3047 Neque
1495 2979 1617 3030 item
1654 2976 1942 3044 putandum
1971 2981 2070 3030 est.
2105 2978 2162 3023 ut

649 3076 727 3128 vir
751 3075 964 3142 quidam
1011 3073 1199 3126 doctus
1239 3069 1612 3131 arbitrabatur,
1649 3067 1765 3118 illas
1787 3062 2163 3134 πρωτοτύπους

2262 1576 2594 1630 bibliothecis
2618 1582 2978 1637 asservantur,
3008 1587 3116 1626 non
3159 1572 3442 1625 admodum
3464 1578 3667 1623 remota:

2263 1667 2476 1720 tustatis
2508 1681 2643 1725 esse,
2677 1679 2982 1733 paucosque
3009 1663 3191 1716 haberi
3220 1661 3311 1729 qui
3340 1667 3586 1728 superent
3611 1674 3670 1710 an

2262 1752 2698 1821 quadringentos.
2747 1750 3114 1818 Antiquiorem
3166 1749 3367 1802 nullum
3425 1747 3661 1800 novimus

2265 1839 2605 1893 Pentateuchi
2643 1839 2910 1892 volumine
2957 1835 3302 1900 Bononiensi,
3355 1835 3420 1888 de
3467 1848 3570 1902 quo
3616 1849 3674 1884 m1

2259 1927 2488 1979 diximus
2519 1926 2568 1977 in
2601 1925 2781 1976 Diario
2813 1923 3028 1988 Italico,
3081 1939 3134 1991 p.
3165 1923 3266 1977 599
3291 1931 3344 1976 et
3374 1921 3493 1985 £00,
3526 1922 3658 1990 quod

2262 2018 2346 2071 nis
2373 2017 2438 2070 ab
2467 2017 2588 2068 hinc
2610 2015 3012 2083 quadringentis
3055 2014 3310 2081 magistro
3331 2012 3527 2065 ordinis
3551 2010 3668 2062 Dom

2254 2122 2505 2162 canorum
2554 2105 2853 2175 Aymerico,
2899 2104 3052 2172 quasi
3101 2102 3482 2170 autographum
3526 2099 3674 2152 Esdra

2254 2197 2450 2251 Judaeis
2503 2196 2736 2249 oblatum
2779 2193 2901 2246 fuit.
2952 2192 3100 2246 Licet
3157 2198 3332 2244 autem
3374 2187 3674 2243 commentiti

2258 2286 2561 2354 huiusmodi
2586 2292 2900 2340 vetustatem
2934 2297 3092 2336 nemo
3121 2281 3357 2350 prudens
3387 2280 3638 2342 admittat,

2259 2374 2482 2427 risimile
2509 2383 2685 2427 tamen
2709 2381 2791 2427 est
2822 2373 3028 2440 aliquot
3065 2379 3186 2423 ante
3229 2369 3452 2430 saeculis,
3481 2381 3631 2435 quam
3669 2407 3674 2416 λ

2259 2466 2488 2518 mericus
2515 2465 2794 2532 acciperet,
2825 2472 3106 2517 exaratum
3159 2460 3343 2514 fuisse.
3375 2457 3432 2510 lu
3462 2458 3599 2509 hisce
3623 2469 3674 2522 pr.

2261 2556 2508 2608 omnibus
2537 2553 2812 2608 codicibus
2842 2551 3034 2605 eadem
3091 2550 3225 2618 ipsa,
3276 2563 3392 2617 quae
3437 2547 3487 2599 in
3518 2546 3674 2598 hodie!

2259 2642 2462 2706 Bibliis,
2522 2642 2888 2695 characterum
2948 2640 3120 2693 forma
3161 2636 3579 2706 deprehenditur,
3613 2633 3674 2687 ita

2260 2731 2390 2783 nihil
2423 2730 2747 2784 discriminis
2798 2729 3120 2781 intercedat.
3164 2727 3310 2780 Alias
3345 2725 3674 2777 vetustiores]

2260 2833 2373 2871 mas
2399 2818 2757 2882 conspicimus
2785 2817 2836 2868 iu
2867 2817 3066 2884 lapillis
3089 2817 3296 2869 duobus
3322 2814 3674 2867 Basilidianort

2260 2909 2350 2976 qui
2385 2923 2545 2976 penes
2575 2923 2657 2959 me
2679 2916 2822 2967 sunt,
2841 2904 3108 2959 Hebraico
3133 2907 3434 2959 charactere
3453 2902 3674 2968 conscrip

2259 3006 2309 3048 et
2333 2996 2544 3063 quidem
2569 2995 2724 3048 tertio
2743 2994 2959 3047 circiter
2985 2995 3181 3048 Christi
3207 2993 3418 3055 saeculo,
3451 2999 3507 3044 ut
3530 2999 3674 3060 putat:

2261 3085 2370 3147 ubi,
2409 3094 2598 3152 praeter
2619 3099 2912 3152 paucarum
2945 3084 3236 3137 litterarum
3271 3082 3483 3151 figuras,
3506 3081 3590 3132 vix
3633 3077 3674 3130 al

647 3164 856 3235 γραφὰς
883 3178 1000 3218 esse
1028 3161 1410 3215 Samaritanam
1465 3158 1802 3225 scripturam.
1849 3169 2006 3221 quam
2039 3151 2231 3234 Ori-c
2263 3151 2529 3241 quidgiam
2593 3151 2854 3240 cipiscari
2924 3173 3139 3237 valeas;
3193 3179 3249 3224 ,η
3310 3169 3557 3239 coming"
3618 3167 3674 3219 eli

647 3269 828 3324 gerres,
861 3251 1120 3306 Eusebius
1148 3259 1200 3304 et
1219 3249 1570 3317 Hieronymus
1602 3246 1668 3298 ab
1699 3243 2034 3296 Hebraeorum
2071 3255 2161 3308 pe-

647 3341 915 3396 ritissimis
937 3340 1127 3404 edocti,
1155 3339 1384 3408 priscam
1411 3351 1529 3390 esse
1570 3334 1945 3388 Hebraicorum
1976 3331 2163 3384 chara-

646 3441 848 3484 cterum
878 3428 1100 3482 formam
1140 3436 1460 3482 asseverant.
1497 3423 1627 3477 Nam
1675 3421 1902 3476 dilucide
1934 3428 1987 3472 et
2020 3419 2162 3471 nulla

649 3519 929 3573 verborum
970 3519 1190 3586 ambage
1240 3517 1314 3568 ait
1365 3514 1625 3568 Eusebius
1666 3526 1756 3564 eas
1810 3523 1929 3562 esse
1960 3509 2162 3560 litteras

647 3625 767 3677 quae
795 3609 931 3678 apud
959 3607 1168 3661 Iudaeos
1208 3605 1666 3660 circumferuntur.
1699 3601 1850 3654 Tunc
1877 3614 2003 3652 vero
2033 3605 2166 3649 tem-

647 3698 794 3766 poris
817 3697 1172 3751 certissimum
1201 3704 1301 3758 est,
1334 3694 1627 3762 refragante
1671 3691 1902 3754 nemine,
1947 3687 2167 3741 Hebrai-

650 3800 833 3840 carum
864 3785 1244 3852 scripturarum
1268 3782 1601 3837 characteres
1643 3778 1856 3833 eosdem
1887 3776 2051 3830 fuisse
2072 3773 2164 3844 qui

652 3875 707 3928 in
735 3873 1006 3928 bodiernis
1055 3872 1236 3927 Bibliis
1288 3871 1558 3925 Hebraicis
1589 3868 1864 3922 habentur.
1899 3865 2014 3920 Non
2057 3880 2164 3933 quo

649 3963 808 4017 velim
855 3977 920 4016 ne
953 3962 1215 4015 tantillum
1259 3960 1468 4028 quidem
1516 3957 1836 4012 discriminis
1881 3956 2016 4009 inter
2046 3955 2163 4007 illas

650 4061 854 4105 veteres
879 4061 930 4104 et
965 4050 1243 4103 hodiernas
1272 4047 1650 4109 intercessisse,
1682 4046 1750 4096 ita
1795 4054 1852 4097 ut
1880 4058 1946 4096 ne
1966 4042 2045 4094 vel
2068 4042 2166 4094 mi-

651 4143 796 4196 nima
817 4141 1036 4194 mutatio
1059 4141 1109 4192 in
1139 4140 1297 4192 ullam
1331 4137 1700 4189 llebraicarum
1728 4135 2019 4186 litterarum
2051 4146 2170 4183 suc-

653 4230 895 4284 cessione
928 4238 1218 4295 temporum
1255 4228 1530 4293 importata
1574 4223 1749 4276 fuerit.
1784 4222 1887 4275 Sed
1931 4220 2048 4274 dico
2097 4222 2167 4272 ita

653 4317 864 4370 easdem
891 4330 1028 4378 esse,
1060 4323 1117 4367 ut
1144 4315 1410 4367 modicum
1437 4328 1466 4365 a
1493 4314 1667 4380 prisca
1727 4310 1896 4363 forma
1941 4325 2172 4363 recesse-

653 4406 780 4459 rint.
815 4403 1140 4468 Quercbatur
1170 4403 1294 4456 olim
1328 4402 1672 4471 Hieronymus
1701 4400 1764 4454 de
1789 4399 2164 4454 Hebraicarum

653 4494 947 4549 litterarum
991 4493 1242 4561 parvitate
1288 4493 1448 4545 nimia
1484 4510 1496 4544 :
1548 4491 1756 4545 Accedit
1811 4489 2002 4558 (inquit
2036 4487 2166 4540 Pro-
2200 4483 2240 4536 D

654 4583 776 4650 logo
803 4598 921 4650 cap.
955 4597 1043 4645 xx,
1067 4583 1122 4632 in
1158 4580 1490 4642 Ezeclcielem)
1520 4579 1587 4632 ad
1619 4580 1750 4631 hanc
1790 4577 2022 4630 dictandi
2048 4577 2172 4642 dim-

657 4673 921 4731 cultatem,
973 4670 1129 4738 quod,
1177 4668 1515 4736 caligantibus
1567 4667 1730 4718 oculis
1764 4673 2034 4728 senectute,
2071 4663 2172 4715 ali-

655 4755 777 4821 quid
815 4754 1184 4806 sustinentibus
1219 4753 1351 4805 beati
1381 4751 1550 4812 Isaac,
1579 4753 1644 4803 ad
1673 4765 1976 4803 nocturnum
2000 4751 2168 4802 lumen

656 4857 970 4909 nequaquam
991 4841 1247 4893 valeamus
1278 4839 1609 4892 Hebrworum
1641 4837 1900 4890 volumina
1929 4835 2166 4902 relegere,

653 4943 768 4997 qua:
806 4931 959 4982 etiam
981 4931 1047 4982 ad
1069 4931 1192 4983 solis
1215 4930 1411 4997 dieique
1435 4927 1682 4996 fulgorem
1711 4927 2004 4978 litterarum
2028 4925 2169 4976 nobis

652 5019 907 5087 parvitate
933 5031 1207 5075 ca'cantur.
1237 5020 1364 5085 Quae
1413 5019 1636 5072 fortasse
1673 5018 1738 5070 de
1781 5015 2172 5082 exemplaribus

657 5118 861 5161 tantum
886 5105 1184 5177 Hieronymi
1213 5109 1431 5179 intelligi
1462 5109 1672 5162 debent.
1696 5105 1957 5160 Credibile
1981 5105 2174 5173 quippe

655 5208 736 5251 est
800 5197 938 5264 apati
1003 5195 1277 5260 Hebraeos,
1352 5199 1566 5268 perinde
1631 5207 1786 5263 atque
1850 5195 1987 5263 apud
2050 5195 2174 5249 reli-

655 5302 791 5354 quas
812 5287 955 5339 orbis
980 5287 1237 5350 nationes,
1286 5290 1605 5359 exemplaria
1649 5286 1890 5356 quaadam
1944 5285 2170 5351 minore,

657 5378 759 5430 alia
788 5389 913 5427 vero
939 5375 1137 5442 majore
1155 5376 1444 5433 litterarum
1479 5381 1647 5435 forma
1682 5378 1944 5445 descripta
1985 5376 2168 5431 fuisse.

725 5463 787 5517 ll.
822 5463 1115 5530 Specimina
1155 5466 1390 5584 quadar‘n
1418 5467 1709 5522 litterarum
1738 5466 2112 5519 Hebraicarum

1293 5549 1346 5584 ve
1373 5551 1530 5584 erum.

1293 5549 1530 5588 veterum.

725 5619 938 5672 Certum
969 5617 1189 5672 habetur
1209 5621 1344 5688 apud
1378 5623 1632 5688 eruditos,
1663 5622 1946 5678 ilebraicos
1975 5622 2172 5675 Biblio-

657 5725 776 5764 rum
823 5710 1030 5766 codices
1072 5711 1480 5780 manuscriptos.
1519 5716 1609 5782 qui
1668 5717 1721 5769 in
1746 5715 1908 5768 variis
1947 5713 2170 5781 Europa

2260 3263 2470 3332 quando
2497 3262 2732 3314 Abraxca
2764 3261 3074 3328 hujusmodi
3125 3261 3360 3331 symbola
3386 3260 3558 3314 Grazce
3582 3257 3674 3311 dest

2261 3363 2346 3421 pta
2382 3359 2527 3414 sunt,
2564 3367 2681 3419 qua:
2733 3351 2821 3403 vix
2867 3351 2971 3420 legi
3009 3367 3235 3418 raroque
3281 3351 3496 3419 intelligi
3536 3364 3674 3417 posst

2269 3438 2655 3505 Subjungimus
2683 3445 2854 3488 autem
2883 3438 3225 3505 alphabetum
3249 3436 3553 3490 Hebraicum
3581 3450 3642 3488 ex
3668 3450 3674 3486 ι

2263 3527 2373 3580 RR.
2406 3525 2506 3578 PP.
2538 3525 2857 3578 Jesuitarum
2885 3526 3093 3593 collegii
3121 3525 3371 3580 Ludovici
3398 3525 3590 3594 Magni;
3613 3524 3674 3576 ub

2263 3619 2399 3671 libro
2423 3618 2752 3670 Threnorum
2794 3614 3042 3670 Jcremiae
3078 3618 3372 3672 litterarum
3394 3615 3557 3668 forma
3584 3615 3674 3684 plu:

2263 3706 2560 3776 depingitur
2579 3720 2608 3758 a
2629 3705 2955 3773 calligrapho
2974 3706 3192 3772 Graeco;
3215 3707 3306 3762 sed
3336 3707 3406 3759 ita
3433 3705 3668 3773 indiligen

2263 3809 2322 3853 ut
2349 3813 2452 3852 non
2485 3813 2663 3850 secum
2693 3797 2804 3864 ipse
2829 3798 3148 3861 consentiat,
3188 3804 3241 3851 et
3285 3811 3404 3850 cum
3444 3795 3575 3847 idem
3601 3793 3674 3860 alp

2264 3890 2441 3943 betum
2470 3889 2674 3954 repetit,
2705 3902 2734 3940 a
2765 3886 2945 3955 priore
2977 3904 3137 3957 quam
3168 3893 3418 3956 posuerat
3456 3884 3619 3937 forma
3641 3898 3674 3935 s:

2265 3977 2518 4031 deflectat.
2538 3975 2613 4028 Ex
2630 3976 2695 4029 iis
2711 3991 2835 4028 vero
2856 3977 3046 4030 formis
3061 3991 3153 4031 eas
3173 3975 3462 4043 delegimus
3480 3987 3592 4040 quae
3615 3985 3674 4023 m:

2267 4067 2636 4120 adlitterarum
2654 4062 3027 4117 Hebraicarum
3050 4065 3271 4134 figuram
3293 4061 3623 4116 accedebant.

3217 4173 3250 4248 ε
3354 4159 3426 4280 ¹7

2742 4315 2839 4416 21

2743 4451 2837 4567 ἦ

2753 4599 2818 4715 ιι

2740 4749 2838 4850 Π

2749 4891 2820 5022 δ.

2765 5052 2824 5163 Ρ

2759 5201 2825 5312 h

2745 5343 2835 5455 La

2741 5648 2838 5766 j

3210 4363 3262 4410 Ὀ

3217 4508 3244 4554 2

3216 4633 3254 4679 Β

3217 4785 3256 4838 ν

3216 4920 3256 4972 Ξ

3214 5081 3252 5130 3

3335 4319 3439 4445 D

3339 4479 3437 4585 .ςᾶ

3351 4612 3435 4702 l>

3336 4759 3435 5015 Ξ

3335 5046 3434 5177 ί

3336 5209 3437 5465 ἓ

3338 5495 3435 5602 2.

3343 5650 3435 5744 11

3213 5397 3253 5439 ..τ

3209 5527 3263 5576 ω

3213 5683 3256 5732 Π
