3878 6350
164 391 215 446 ιι
1340 386 1414 444 ΙΝ
1449 389 1684 447 ΙὶῐΞΧΛΡᾏ

1810 389 2154 447 ornamus.
2442 436 2445 449 λ
3240 365 3245 373 ’
3271 398 3338 453 tu

223 500 310 556 uis
334 494 519 570 prolatis
535 478 905 576 vetustioribus
930 482 1084 544 lillét
1102 503 1285 555 arum
1302 501 1701 561 Ilehraicaruun
1733 512 1778 568 Α
1803 506 2101 561 similitudo
2128 504 2561 576 deprehenditur,
2594 505 2665 560 ita
2696 516 2755 561 ut
2785 508 2849 561 ad
2871 507 3223 564 differentiam
3254 512 3338 566 lit-

163 590 511 661 speciminibus,
535 584 638 652 jam
665 576 732 632 de
759 573 997 645 εἱηειιιὶς
1043 592 1113 638 ut
1141 589 1292 648 olim
1325 598 1702 653 scribebantur

163 684 335 738 litteris
354 695 491 753 pauca
519 679 834 747 pertractare
863 683 1061 739 operte
1089 685 1546 748 pretiumfnerit.

218 784 257 832 κ
279 785 458 840 semper
497 769 563 822 ita
583 763 848 833 depictum
880 759 1069 822 fuisse
1096 770 1357 840 videtur,
1389 796 1564 850 neque
1594 780 1701 835 ulla

161 863 283 917 inter
306 873 483 917 veteres
510 868 562 913 et
593 855 924 913 recentiores
954 858 1415 928 deprehenditur
1438 871 1700 926 scribendi

158 952 437 1007 din‘erentia.
461 948 761 1018 Eademque
787 945 969 1002 forma
993 956 1255 1011 occurrit
1286 959 1341 1012 in
1365 959 1564 1029 lapillis
1597 958 1700 1011 Ba-

157 1043 509 1097 silidianorum.

220 1151 259 1199 ῃ
294 1138 455 1192 itema
485 1132 657 1203 prisca
719 1130 901 1187 forma
955 1148 1070 1189 non
1116 1139 1423 1196 recessisse
1480 1138 1704 1194 suadent

154 1240 262 1286 tum
284 1228 517 1298 specimen
543 1226 799 1289 allatum,
834 1232 955 1278 tum
1020 1226 1191 1282 etiam
1241 1229 1362 1299 ejus
1409 1230 1702 1284 similitudo

153 1335 270 1375 eum
301 1319 448 1370 littera
495 1325 550 1378 ὓ,
605 1327 735 1382 quae.
786 1322 845 1368 e'.
876 1313 1010 1367 olim
1048 1314 1120 1368 ab
1159 1315 1393 1371 Eusebio
1426 1316 1480 1369 in
1507 1316 1698 1386 psalm.

153 1424 311 1464 xum
355 1405 627 1460 observata
668 1401 801 1465 fuit,
858 1413 915 1455 et
948 1404 1115 1458 hodie
1138 1404 1194 1458 in
1238 1405 1392 1460 libris
1424 1404 1700 1459 Hebraicis

151 1496 548 1568 deprehenditur.
580 1492 729 1547 Nam
764 1493 845 1547 ait
873 1490 1155 1550 Eusebius
1179 1495 1278 1550 has
1298 1495 1505 1550 litteras
1536 1510 1698 1563 parvo

150 1588 281 1657 apice
306 1583 577 1653 distingui,
612 1591 678 1636 ut
710 1582 991 1652 hodieque
1015 1583 1289 1650 videmus,
1322 1585 1463 1653 quod
1500 1583 1696 1639 confir-

148 1687 244 1732 mat
286 1675 644 1745 Hieronymus
697 1673 894 1729 multis
943 1673 1000 1728 in
1055 1673 1211 1730 locis.
1246 1673 1325 1729 Ex
1377 1674 1479 1729 hac
1536 1676 1695 1743 porro

1802 605 1928 650 teras
1953 604 1976 653 1
2002 596 2107 650 duo
2138 604 2332 664 puncta
2384 595 2844 662 superscribantur
2867 599 2944 653 sic
2982 601 3025 653 i'.
3060 600 3142 653 Ah
3174 601 3337 655 inter-

1800 686 2043 754 pretibus
2065 699 2278 754 quoque
2305 683 2463 738 aliam
2496 699 2590 751 pro
2622 686 2724 739 alia
2766 688 2952 742 lectam
2987 702 3127 757 saepe
3153 690 3337 761 depre-

1797 773 2101 829 hendimus.
2133 771 2434 828 Verisimile
2467 782 2642 827 autem
2674 786 2755 829 est
2782 774 2974 831 lineam
3001 793 3103 847 qua
3134 778 3335 835 forma-

1798 865 1996 924 batur1
2029 866 2082 919 in
2102 855 2419 935 quibusdam
2450 864 2635 918 saltem
2659 864 2819 919 libris'
2835 882 2864 919 a
2891 868 3164 936 superiore
3182 881 3333 937 parte

1799 955 2046 1009 reﬂexam
2068 953 2233 1027 fuisse
2265 956 2343 1009 sic
2368 963 2423 1021 1;
2459 955 2599 1008 unde
2644 957 2886 1023 contigit,
2921 965 2977 1009 nt
3008 973 3102 1025 pro
3123 969 3164 1015 '1
3191 975 3331 1027 sa-pe

1800 1044 1977 1098 habita
2013 1044 2171 1097 fuerit
2204 1045 2273 1098 ab
2319 1044 2718 1111 interpretibus,
2746 1053 2805 1098 nt
2846 1044 2983 1099 infra
3010 1048 3277 1102 videbitur
3310 1065 3325 1100 :

1797 1144 1938 1189 certe
1962 1143 2287 1189 memoratus
2316 1135 2481 1189 codex
2499 1136 2639 1190 unde
2671 1136 3201 1207 alphabetumsupra
3233 1139 3327 1193 de-

1799 1225 1997 1293 pictum
2029 1225 2413 1292 excerpsimus,
2460 1226 2513 1278 in
2569 1226 2735 1278 altero
2763 1225 3042 1294 alphabeto
3073 1229 3215 1294 (nam
3245 1229 3325 1281 al-

1800 1314 2025 1381 phabeta
2077 1317 2292 1385 repetit,
2346 1325 2404 1368 ut
2434 1315 2733 1385 diximus)1
2786 1317 2940 1385 quasi
2979 1328 3019 1375 Ἶ
3074 1318 3322 1371 delineat.

1797 1405 2040 1459 Attamen
2066 1405 2118 1458 in
2148 1420 2277 1460 voce
2304 1406 2449 1458 ΠΙΠΙ
2490 1406 2759 1461 multotics
2780 1407 2997 1474 repetita
3033 1406 3084 1459 in
3111 1405 3321 1471 Hesaia,

1795 1495 2239 1563 quemadmodum
2291 1507 2344 1549 et
2382 1497 2435 1548 in
2476 1496 2756 1566 alphabeto
2800 1512 2981 1565 supra,
3038 1511 3222 1552 neutra
3246 1499 3327 1552 lit-

1796 1596 1904 1638 tera
1941 1593 1960 1631 ν
1992 1586 2073 1639 vel
2104 1595 2125 1647 1
2154 1601 2184 1639 a
2214 1600 2463 1654 supremo
2487 1587 2635 1655 apice
2656 1586 2848 1639 reﬂexa
2874 1595 2971 1639 est.

1861 1674 1935 1729 Dc
1970 1676 2142 1730 littera
2167 1687 2193 1736 τ
2218 1677 2348 1730 nihil
2389 1676 2758 1742 observamus,
2813 1676 2913 1729 nisi
2953 1675 3178 1731 formam
3203 1677 3322 1746 ejus

146 1767 311 1821 formae
355 1763 722 1820 similitudine
771 1763 979 1818 factum
1012 1773 1121 1829 est,
1164 1774 1226 1818 ut
1278 1765 1398 1819 aliis
1424 1778 1456 1825 3
1495 1766 1613 1819 aliis
1653 1775 1691 1822 :t
1718 1827 1755 1834 _
1793 1764 1845 1817 in
1873 1764 2149 1833 alphabeto
2171 1780 2327 1834 supra
2353 1765 2635 1819 admodum
2660 1775 2959 1834 corruptam
2984 1766 3316 1821 videri.Eam

146 1857 437 1927 legentibus,
456 1868 661 1923 magna
691 1853 1210 1924 interpretationum
1240 1856 1472 1910 varietas
1499 1856 1687 1910 oborta

144 1948 223 2011 sit,
244 1955 295 1999 ut
320 1943 453 1998 infra
482 1942 747 2012 pluribus
781 1944 1115 1999 ostenditur.

201 2033 542 2097 :secuttdum
596 2034 904 2088 hodiernus
956 2025 1201 2096 formas,
1250 2046 1497 2102 magnam
1533 2031 1690 2087 habet

144 2141 246 2180 cum
271 2136 296 2183 ι
320 2139 424 2177 nun
445 2121 800 2177 aﬂinitatem.
832 2121 942 2177 Sed
976 2121 1309 2177 absimiliore
1358 2122 1486 2175 olim
1519 2121 1689 2192 ﬁgura

145 2215 231 2269 has
251 2216 443 2269 litteras
497 2214 818 2284 descriptas
876 2212 1050 2269 fuisse
1111 2222 1399 2281 putamus;
1448 2227 1552 2267 non
1581 2222 1689 2266 tam

144 2304 254 2372 quia
300 2304 443 2357 varie
489 2301 821 2356 formantur
864 2301 921 2354 in
971 2301 1257 2370 alphabeto
1275 2315 1435 2369 supra
1457 2300 1685 2370 depicta,

145 2394 254 2448 huic
284 2393 422 2447 enim
450 2408 565 2446 non
621 2393 868 2446 multum
917 2390 1166 2455 fidimus;
1221 2404 1380 2459 quam
1432 2390 1557 2458 quia
1601 2390 1687 2444 vix

143 2486 283 2537 aliam
306 2498 401 2552 pro
430 2484 539 2538 alia
572 2484 798 2551 uspiam
826 2482 1019 2534 lectam
1047 2479 1212 2533 fuisse
1244 2479 1689 2548 deprehendimus

143 2570 192 2623 in
238 2581 458 2624 veterum
504 2566 1094 2638 interpretationibus;
1138 2580 1295 2621 secus
1340 2581 1498 2635 quam
1532 2567 1585 2619 in
1611 2566 1691 2620 lit-

145 2660 263 2714 teris
287 2660 543 2713 similibus
568 2659 833 2726 contigit.

202 2756 243 2808 τ
275 2746 484 2801 ianuam
531 2748 840 2801 retinuisse
885 2758 1040 2798 suam
1093 2751 1325 2812 arguunt
1368 2753 1479 2795 tum
1519 2742 1690 2811 speci-

143 2838 281 2893 mina
302 2838 602 2899 vetustiora,
639 2845 760 2889 tum
787 2835 1027 2888 maxime
1068 2833 1186 2902 ejus
1235 2832 1524 2887 similitudo
1564 2848 1686 2887 cum

143 2939 327 2997 mque
353 2938 406 2983 et
435 2928 598 2982 hodie
654 2926 788 2980 talis
849 2932 955 2987 est,
1020 2932 1081 2977 ut
1110 2937 1251 2992 saepe
1308 2923 1395 2975 vix
1436 2923 1688 2993 distingui

145 3021 346 3089 possint,
372 3030 426 3074 et
446 3020 581 3074 olim
615 3026 773 3072 tanta
806 3015 931 3081 fuit,
968 3022 1031 3067 ut
1083 3012 1396 3067 innumeras
1431 3027 1565 3081 pene
1600 3018 1687 3068 in-

1789 1870 1915 1909 vero
1942 1872 2062 1910 cum
2091 1856 2193 1909 alia
2217 1857 2407 1925 quavis
2435 1857 2609 1911 littera
2632 1865 2983 1927 permutatum
3008 1856 3173 1912 fuisse
3197 1874 3321 1912 nus-

1787 1961 1945 2016 quam
1967 1960 1998 1999 a
2035 1945 2188 2001 nobis
2220 1946 2556 1999 observatum
2588 1955 2686 2000 est.

1854 2036 1928 2090 De
1954 2047 1995 2097 Π
2022 2036 2073 2089 in
2105 2046 2144 2093 rt
2183 2036 2343 2089 verba
2375 2035 2620 2089 fecimus.

1852 2136 1902 2181 ω
1944 2124 2128 2179 eadem
2177 2138 2311 2194 pene
2352 2122 2524 2178 forma
2568 2125 2764 2193 scripta
2799 2125 3212 2195 deprehenditur
3256 2128 3312 2180 in

1786 2212 2082 2281 alphabeto.

1854 2309 1873 2348 ν
1899 2300 1974 2355 De
1998 2301 2098 2356 hac
2117 2300 2288 2354 littera
2313 2309 2488 2354 actum
2512 2298 2632 2353 fuit.

1861 2391 1988 2449 De:
2016 2391 2068 2445 in
2091 2402 2125 2450 ξ
2149 2391 2263 2460 jam
2294 2405 2475 2458 supra.

1848 2467 1882 2541 5
1924 2482 2025 2536 hac
2062 2481 2273 2535 circiter
2298 2480 2466 2550 ﬁgura
2497 2479 2749 2537 scribitur
2778 2480 2833 2534 in
2857 2480 3237 2550 speciminibus
3259 2493 3314 2538 et

1786 2573 1838 2626 in
1874 2571 2170 2640 alphabeto.

1851 2670 1902 2718 ῃ
1925 2674 2029 2713 ηοη
2056 2658 2284 2712 multum
2313 2657 2586 2713 deﬂexisse
2608 2656 2820 2712 videtur
2849 2673 2879 2712 a
2908 2657 3084 2728 prisca
3116 2657 3310 2713 forma.

1851 2747 1971 2806 De:
1996 2748 2048 2816 in
2081 2759 2110 2809 λ
2136 2748 2391 2802 diximus.
2424 2747 2480 2801 ln
2532 2748 2831 2815 alphabeto,
2864 2747 2964 2803 ‘cui
3005 2764 3113 2803 non
3142 2750 3309 2806 multa

1786 2837 1913 2894 fides
1929 2838 2192 2901 habenda,
2217 2838 2370 2908 longe
2402 2837 2503 2890 alia
2532 2836 2701 2890 forma
2729 2838 2983 2907 pingitur.

1851 2941 1891 2989 ο
1918 2929 2089 2984 forma
2109 2943 2241 2999 pene
2289 2928 2601 2998 triangulari
2629 2928 2921 2982 delineatur
2947 2929 3002 2983 in
3028 2927 3310 2999 alphabeto

1785 3020 1863 3074 sic
1901 3035 1968 3072 >.

146 3111 529 3180 terpretatjones
551 3124 625 3163 ex
654 3104 1067 3177 permutatione
1117 3103 1337 3158 alterius
1364 3119 1486 3157 cum
1520 3104 1682 3159 altera

1850 3123 1890 3178 ιτ
1919 3126 2053 3182 pene
2075 3110 2299 3166 similem
2325 3109 2450 3164 huic
2480 3108 2639 3163 habet
2669 3107 2891 3164 formam
2929 3108 2984 3162 in
3029 3107 3308 3178 alphabeto

144 3199 382 3269 profectas
404 3200 769 3254 observemus
803 3213 818 3248 :
851 3193 1206 3263 quamobrem
1236 3193 1310 3247 ait
1331 3190 1684 3263 Hieronymus

144 3291 193 3342 in
209 3288 515 3343 Bacchidem
550 3302 678 3357 cap.
712 3301 768 3339 vr
798 3303 812 3338 :
859 3283 1042 3336 Potest
1075 3291 1126 3335 et
1155 3282 1217 3335 ob
1266 3283 1488 3336 uicinam
1531 3285 1682 3338 simi-

144 3378 388 3434 litudinem
415 3393 632 3434 unum
682 3385 735 3430 et
788 3390 891 3429 nus
940 3372 1319 3426 Iiebraicarum
1366 3374 1680 3441 litterarum,

141 3484 240 3537 que
259 3486 411 3538 pareo
438 3469 586 3537 apice
628 3466 1064 3535 distinguuntur,
1099 3462 1177 3515 vel
1204 3462 1457 3515 Deblatlta
1485 3462 1560 3516 rel
1582 3462 1682 3516 lle—

142 3559 299 3614 lrlatha
322 3560 602 3629 appellari.

196 3661 231 3709 τι
256 3653 307 3704 in
349 3649 638 3718 alphabeto
688 3661 861 3716 supra
902 3659 933 3698 a
993 3643 1167 3699 forma
1194 3642 1283 3696 τοῦ
1315 3655 1356 3704 n
1383 3643 1516 3698 Hetlt
1545 3645 1683 3699 mul-

142 3749 238 3794 tum
259 3730 456 3807 diﬂ'ert,
484 3756 647 3798 secus
672 3753 843 3808 quam
890 3737 1056 3789 hodie
1096 3735 1151 3788 iu
1182 3734 1367 3790 Bibliis
1387 3733 1681 3804 Hebraicis,

138 3833 218 3886 ubi
243 3833 324 3887 ha:
357 3834 551 3887 littera:
574 3829 881 3885 admodum
911 3826 1120 3880 similes
1140 3833 1284 3879 sunt.
1319 3825 1459 3880 Inter
1478 3836 1681 3881 utram-

138 3936 229 3991 que
252 3939 377 3978 vero
401 3924 639 3977 litteram
667 3919 971 3975 discrimen
998 3917 1127 3969 olim
1148 3917 1494 3984 conspicuum
1518 3916 1683 3973 fuisse

133 4013 362 4079 suadent,
385 4023 501 4068 tum
524 4011 882 4081 alphabetum
912 4022 1099 4076 supra,
1123 4006 1208 4059 ubi
1242 4018 1281 4064 .‘1
1302 4005 1381 4063 sic
1409 4005 1476 4067 Π,
1499 4015 1538 4066 n
1558 4021 1682 4060 vero

132 4104 199 4159 sic
220 4105 262 4159 h
290 4106 626 4174 depingitur,
650 4114 773 4157 tum
824 4099 1066 4152 maxime
1093 4096 1437 4164 interpretqu
1463 4110 1684 4151 consen-

128 4209 232 4259 sus,
256 4197 350 4265 qui
397 4197 501 4251 bas
555 4194 774 4248 litteras
820 4205 931 4244 non
961 4200 1124 4242 unam
1160 4200 1258 4254 pro
1311 4184 1416 4240 alia
1441 4188 1681 4255 accipere

130 4287 378 4353 solebant,
436 4286 644 4356 quique
686 4296 871 4337 tamen
904 4280 1117 4333 litteras
1162 4276 1424 4346 quaslibet
1452 4276 1590 4330 inter
1623 4291 1681 4331 se

129 4374 338 4440 similes,
366 4374 575 4445 passim
598 4370 1036 4427 confundebant.
1067 4364 1209 4421 Sane
1243 4366 1467 4419 litteram
1492 4377 1530 4423 Π
1549 4365 1674 4419 olim

1781 3216 1961 3271 supra.

1846 3298 1885 3351 ξ’.)
1913 3291 2028 3346 sine
2054 3285 2365 3342 intermedia
2409 3286 2549 3339 linea
2586 3282 2839 3337 scribitur
2866 3297 3229 3354 smpenumero
3249 3282 3308 3337 in

1779 3381 1960 3436 codice
1985 3385 2295 3441 memorato,
2324 3375 2416 3430 sed
2442 3389 2562 3428 cum
2583 3374 2799 3428 annulo.

1848 3477 1887 3526 κ
1913 3477 1964 3521 et
1991 3478 2031 3548 Ρ
2070 3464 2270 3518 formas
2322 3463 2518 3516 habent
2558 3462 2612 3515 in
2664 3462 2942 3531 alphabeto
2973 3463 3206 3527 vitiatas,
3237 3477 3307 3518 an

1781 3564 1956 3610 autem
1986 3562 2040 3612 et
2068 3553 2120 3607 in
2149 3567 2255 3623 quo
2287 3568 2318 3605 a
2343 3551 2518 3620 prisca
2572 3549 2745 3604 forma
2784 3553 3121 3615 recesserint,
3157 3554 3310 3622 igno.

1779 3658 1979 3699 ramus.

1840 3734 1917 3789 De
1933 3746 1973 3792 ’π
1991 3733 2110 3788 vide
2137 3732 2191 3785 in
2216 3740 2272 3791 Ἰ.

1845 3831 1898 3880 τυ
1921 3837 2024 3876 non
2058 3821 2127 3874 ob
2153 3819 2338 3873 formae
2382 3816 2804 3881 similitudinem,
2836 3818 2925 3871 sed
2952 3819 3019 3872 ob
3039 3820 3154 3873 soni
3195 3819 3306 3873 alli-

1778 3909 1998 3965 nitatem
2046 3908 2330 3976 aliquando
2367 3921 2487 3960 cum
2511 3917 2549 3963 D
2571 3905 2936 3959 confunditur.
2962 3904 3153 3974 Figura
3185 3907 3303 3974 ejus

1778 4007 1985 4053 vetusta
2010 3996 2199 4051 similis
2226 4002 2306 4048 est
2329 3993 2617 4047 hodiernze.

1843 4097 1886 4146 τι
1899 4087 1943 4142 si
1960 4086 2091 4141 fides
2106 4085 2403 4155 alphabeto,
2422 4082 2635 4151 paulum
2654 4080 2864 4136 deﬂexit
2879 4097 2906 4135 a
2923 4080 3096 4150 prisca
3111 4081 3214 4151 ﬂgu
3223 4095 3299 4135 ra.

1776 4197 1862 4252 Ill.
1888 4196 1972 4252 Ex
1993 4196 2337 4267 quarumdam
2382 4196 2673 4267 litterarum
2720 4193 3061 4267 similitudine
3106 4202 3302 4262 quanta

2012 4262 2488 4335 interpretationum
2536 4266 2758 4318 varietas
2807 4272 2922 4314 orta
2969 4262 3057 4315 sit.

1848 4354 1925 4411 Ex
1974 4354 2324 4425 quarumdam
2376 4370 2536 4425 porro
2576 4354 2871 4408 litterarum
2922 4347 3301 4404 Hebraicarum

130 4479 343 4533 εηρεηιο
361 4439 614 4520 ansam
650 4462 825 4516 fuisse
863 4459 1110 4514 indica“;
1161 4457 1250 4510 alii
1305 4455 1674 4524 τηαηυεοιιῑριί,
1707 4463 1752 4518 ι)
1776 4461 1895 4499 cum
1919 4444 2036 4500 aliis
2059 4444 2250 4498 litteris
2279 4443 2621 4498 similitudine
2658 4439 2964 4496 incredibile
2992 4449 3072 4495 est
3097 4450 3301 4510 quanta

127 4563 171 4607 et
192 4556 409 4623 quidem
449 4551 845 4622 antiquissimi,
878 4562 939 4604 ut
973 4547 1314 4602 Colhcrtinus
1360 4546 1412 4598 in
1457 4553 1581 4599 nota
1610 4545 1676 4599 ad

126 4648 424 4711 psal.r.xxr,
470 4644 642 4708 v.18,
697 4652 754 4697 et
808 4641 982 4696 codex
1035 4637 1148 4694 RR.
1198 4636 1302 4691 PP.
1352 4635 1675 4691 Jesuitarum

127 4737 314 4801 passim
347 4738 404 4791 in
458 4735 680 4790 Hesaia.
733 4733 795 4786 In
850 4731 920 4785 iis
966 4729 1165 4799 quippe
1210 4742 1313 4782 vox
1365 4727 1529 4790 IIIIII,
1571 4741 1672 4795 qua

126 4824 419 4880 certissime
450 4822 781 4878 llebraicum
809 4826 933 4878 rm?
963 4817 1303 4886 exprimitur,
1334 4816 1416 4869 bis
1449 4816 1673 4869 litteram

129 4922 165 4972 τι
186 4929 431 4983 supernae
466 4914 715 4969 clausam
765 4908 990 4964 exhibet
1045 4905 1113 4959 ad
1172 4904 1383 4958 modum
1416 4905 1602 4959 littera:
1629 4905 1675 4956 Π

131 5000 334 5067 Graec,
360 5019 473 5073 qua
501 5003 557 5057 in
578 5016 641 5057 re
662 4997 1024 5055 consentiunt
1049 5008 1173 5073 cum
1198 4993 1473 5060 alphabeto
1491 5009 1672 5062 supra.

191 5095 232 5161 τὶ
251 5063 397 5147 olim-
408 5107 510 5163 pro
542 5101 562 5138 τ
587 5105 735 5160 saepe
766 5090 971 5143 lectum
1026 5063 1198 5136 fuis'se
1218 5082 1402 5135 suadet
1428 5081 1677 5154 Hierony-

134 5195 269 5244 mus,
314 5184 404 5251 qui
454 5183 532 5237 ait
557 5181 724 5251 epist.
771 5177 842 5232 ad
887 5172 1125 5228 Suniam
1172 5178 1224 5223 et
1271 5169 1405 5223 Fret.
1457 5171 1509 5224 in
1539 5172 1671 5241 psal.

137 5285 331 5327 cxxtx:
374 5273 478 5327 Pro
543 5272 791 5333 nomine,
834 5268 945 5320 sive
993 5263 1143 5331 lege,
1197 5260 1327 5327 apud
1368 5276 1451 5314 eos
1491 5261 1675 5330 legitur

102 5418 109 5429 .
140 5373 313 5422 ratu,
341 5364 470 5430 quod
493 5361 692 5432 Aquila
721 5359 1119 5423 interpretatus
1159 5357 1233 5400 est
1267 5347 1435 5414 φόϐον,
1478 5350 1572 5402 hoc
1598 5359 1673 5404 est

142 5446 409 5515 timorm;
450 5448 795 5519 Symmachus
842 5452 896 5497 et
962 5438 1008 5492 Τ
1010 5435 1270 5500 lteodotio,
1308 5435 1477 5506 νόμον,
1512 5439 1568 5490 id
1598 5449 1673 5493 est

143 5534 313 5605 legem,
336 5548 577 5607 ριιιαιιιει
604 5551 809 5596 πιοκΑ,
844 5535 1083 5601 propter
1125 5525 1395 5578 litterarum
1422 5527 1670 5581 similitu-

146 5623 295 5679 dinem
323 5642 408 5683 Ion
434 5637 483 5682 et
520 5642 647 5691 nn,
683 5638 804 5694 quae
832 5624 1093 5673 tantum-
1121 5613 1447 5680 magnitudine
1474 5615 1670 5670 distin-

147 5723 364 5778 guntur.
395 5717 455 5769 In
501 5712 794 5784 alphabeto
837 5713 1085 5773 quoque
1153 5713 1299 5767 supra
1325 5700 1497 5757 eadem
1552 5703 1669 5773 ipsa

421 5811 684 5871 Par-nor.
732 5804 851 5864 Gs.
896 5792 1076 5852 .XV-

1775 4534 2057 4589 lectionum
2107 4541 2161 4587 et
2215 4532 2712 4599 interpretationum
2754 4529 2984 4582 varietas
3021 4539 3137 4581 orta
3183 4527 3296 4581 sit:

1773 4640 1841 4679 ex
1878 4623 2039 4678 unius
2064 4623 2264 4693 quippe
2291 4622 2479 4677 littera:
2521 4623 2933 4676 commutatione
2958 4636 3117 4675 voces
3143 4620 3299 4687 longe

1775 4718 1980 4772 diversa
2016 4715 2336 4785 significant,
2368 4714 2585 4769 nomina
2627 4726 2755 4769 vero
2778 4712 2995 4782 propria
3016 4724 3137 4764 cum
3176 4710 3297 4764 aliis

1773 4803 2190 4861 confunduntur.

1844 4895 1916 4951 De
1934 4906 1973 4952 ι
1996 4894 2206 4964 quidem
2236 4892 2423 4947 littera
2470 4908 2591 4947 cum
2618 4902 2650 4950 δ
2680 4888 3027 4944 similitudine
3059 4890 3169 4958 agit
3195 4887 3298 4943 En-

1774 4985 1886 5040 seb.
1911 4985 1963 5038 in
1989 4984 2175 5052 psalm.
2223 4998 2415 5048 χχχιιι,
2443 4983 2532 5035 ubi
2574 4981 2641 5035 de
2687 4988 2891 5033 mutato
2929 4977 3295 5039 Achimelech.

1771 5057 2002 5156 1513933,
2021 5074 2072 5127 in
2098 5072 2423 5137 Abimelech,
2441 5056 2681 5151 1573123,
2705 5070 2941 5136 loquitur
2968 5069 3051 5123 bis
3080 5069 3258 5123 verbis
3284 5087 3298 5121 :

1784 5166 1848 5218 Ἠ
1877 5165 1981 5218 τῶν
2001 5162 2288 5217 Βασιλειῶν
2320 5162 2507 5235 Γραφὴ
2547 5157 2827 5228 ’Δχιμέλεχ
2859 5158 3116 5229 περιέχει·
3146 5158 3301 5210 ἐναλε-

1770 5255 1940 5325 λαγῆς
1965 5254 2219 5324 στοιχείου
2246 5250 2557 5320 γενομένης,
2574 5248 2723 5301 οὐδὲν
2749 5249 2826 5301 δεῖ
2850 5249 3130 5301 κινεῖσθαι·
3147 5249 3301 5315 παρὰ

1770 5345 1876 5417 γὰρ
1918 5345 2015 5415 τὴν
2068 5342 2351 5413 ὁμοιότητα
2408 5338 2498 5391 τοῦ
2544 5338 2801 5409 στοιχείου
2836 5337 2931 5391 τοῦ
2996 5337 3102 5408 ΒὴΘ
3163 5335 3296 5404 παρ’

1795 5435 2040 5507 Εόραίοις
2065 5430 2388 5498 καλουμένου
2410 5427 2610 5482 καὶτοῦ
2634 5428 3053 5497 Χάφ,διαφόρως
3081 5424 3294 5491 ἐξεδόθη

1767 5524 2017 5596 τοῦνομα·
2046 5521 2225 5592 σχεδὸν
2245 5518 2352 5587 γὰρ
2376 5517 2434 5570 ἓν
2458 5518 2552 5571 καὶ
2595 5519 2785 5571 ταυτόν
2806 5518 2919 5569 ἐστι
2946 5516 3013 5568 τὰ
3039 5516 3132 5568 δύο
3159 5528 3296 5565 στοι-

1769 5618 1922 5684 χεῖα,
1982 5607 2314 5684 βραχυτάτης
2374 5607 2597 5679 κεραίας
2639 5606 2804 5676 μόνης
2857 5603 3288 5666 ὲναλλαττούσης-

1770 5705 1825 5760 Id
1853 5713 1974 5762 est:
2022 5701 2308 5772 Regnorum
2340 5696 2610 5766 Scriptura
2654 5696 2971 5752 Achimelech
3026 5695 3209 5745 habet:
3231 5705 3293 5742 ne
