3878 6354
227 441 288 493 ιε

193 641 636 705 commutationem
681 639 1041 703 observabis
1078 651 1368 716 Proverb.
1417 639 1529 727 xix,
1556 666 1654 731 ‘23;
1684 665 1786 719 ue-

185 737 297 796 sai.
322 747 415 822 nu,
439 731 502 796 9;
527 746 584 794 ι.
608 731 683 784 ‘28
705 748 880 822 tim,
919 739 1022 791 tl.
1068 741 1338 818 Itemque
1369 768 1484 820 cap.
1525 770 1708 817 xxvm,
1751 756 1782 822 ᾗ

180 831 241 885 9.
283 829 325 872 ει
360 817 540 872 clere").
576 835 670 881 XV.
713 819 817 886 ιῖς
867 837 1048 892 XXXI,
1086 832 1185 888 40.
1234 817 1366 891 litem
1406 817 1560 893 Prov.
1597 817 1782 904 xxviii,

173 915 286 975 22;
306 910 452 963 Amos
474 924 512 973 ι,
541 910 596 963 5.
631 908 700 963 Et
729 909 1065 988 Soﬂionia:
1095 939 1185 988 ιιι,
1210 927 1264 992 9,
1291 929 1377 981 ubi
1407 945 1586 984 vocem
1613 942 1786 990 mh:

170 1015 278 1070 5,,
305 998 392 1053 Th.
417 1000 796 1070 ὲξειλεγμὲνον
836 1013 1298 1079 transtulerunt,
1351 1017 1500 1088 Vulg.
1547 1021 1783 1086 electum,

169 1093 544 1166 Symmachus,
579 1093 870 1164 καθαρὸν,
918 1115 1179 1168 purum;
1227 1105 1366 1160 LXX
1405 1126 1550 1174 vero,
1581 1112 1669 1179 qui
1710 1113 1785 1165 le-

187 1194 379 1263 gerunt
395 1193 571 1248 mm,
604 1186 691 1247 εἰς
723 1186 835 1256 τὴν
861 1192 1082 1254 γενεὰν
1115 1196 1304 1265 αὐτῆς,
1335 1200 1389 1250 in
1413 1203 1784 1266 generationem

200 1278 344 1346 ejus;
378 1289 473 1341 quo
505 1273 629 1328 loco
659 1285 828 1328 notat
874 1275 1306 1352 Hieronymus:
1339 1283 1487 1336 LXX
1520 1287 1783 1353 dixerunt,

211 1374 267 1424 in
295 1365 674 1432 generationem
729 1365 886 1433 ejus.
945 1367 1022 1421 Et
1078 1370 1202 1423 hinc
1246 1389 1389 1424 error
1434 1386 1642 1428 exortus
1687 1386 1782 1442 est,

222 1456 338 1529 quod
374 1457 573 1509 uerbum
621 1456 973 1513 Hebraicum
1028 1479 1262 1526 uanum,
1315 1467 1450 1534 quod
1498 1468 1686 1536 Aquila
1735 1479 1783 1522 et

231 1549 508 1613 Tlteodotio,
540 1548 822 1612 electum;
863 1549 1247 1620 Symmachus,
1291 1554 1568 1619 mundum,
1617 1560 1780 1608 inter-

239 1651 433 1707 pretatus
484 1648 584 1703 est,
640 1637 804 1692 LXX
847 1640 1092 1708 legerunt
1142 1658 1365 1702 uacuus,
1407 1658 1502 1696 nes
1554 1644 1782 1698 litteram

235 1744 413 1782 DALETI!
445 1730 847 1792 existimantes,
876 1740 1097 1797 propter
1129 1731 1366 1782 elementi
1393 1733 1607 1784 nimiam
1637 1736 1782 1786 sinti-

230 1819 501 1880 litudinem,
527 1818 670 1886 quod
701 1835 876 1886 parvo
908 1820 1057 1884 apice
1087 1820 1449 1888 distinguitur.
1484 1821 1549 1874 Et
1577 1819 1782 1876 Hcsaite

226 1923 348 1970 ων,
374 1908 460 1960 9.1.
500 1906 807 1962 lnnumera
844 1923 986 1976 pene
1033 1909 1229 1962 similia
1269 1908 1454 1962 atl'erre
1479 1925 1774 1978 possemus,
1811 1887 1850 1940 Β

223 1997 300 2050 sed
332 1997 441 2050 haec
465 2007 636 2050 erunt
665 1997 736 2050 ad
765 2012 1015 2065 prmsens
1044 1997 1346 2052 institutum
1383 1997 1538 2052 satis.

279 2081 654 2137 Observantur
683 2084 818 2136 item
848 2084 1182 2137 mutationes
1211 2083 1514 2152 frequentes
1538 2084 1630 2137 τοῦ
1660 2095 1682 2144 1
1726 2087 1780 2140 in

220 2180 270 2223 'I:
298 2173 408 2240 jam
437 2173 684 2226 vidimus
714 2186 886 2239 supra
907 2171 1011 2225 Job
1032 2187 1108 2236 vi,
1137 2170 1226 2236 16,
1249 2172 1337 2225 ubi
1357 2173 1443 2226 alii
1467 2173 1780 2242 interpretes

220 2261 490 2316 lectionem
537 2261 879 2316 Hebrairam
931 2262 1246 2315 hodiernam
1295 2271 1386 2325 τιν
1417 2265 1586 2317 secuti
1633 2273 1776 2327 sunt,

218 2349 349 2404 LXX
379 2360 478 2414 ῆν)
506 2352 736 2421 legisse,
770 2364 826 2405 et
858 2349 961 2403 Job
993 2366 1182 2412 xxxvr,
1205 2350 1293 2414 '50,
1320 2360 1434 2410 11m
1465 2353 1652 2422 legisse
1681 2368 1778 2421 pro

217 2445 350 2497 τιικ.
385 2440 477 2495 Sic
499 2443 668 2505 etiam
695 2440 914 2509 psalmo
950 2455 1141 2505 xum,
1167 2439 1222 2502 4,
1255 2455 1435 2493 vocem
1465 2439 1777 2495 Hebraicam

211 2539 360 2598 qna-t1
410 2531 486 2584 ait
545 2532 986 2600 Chrysostomus
1060 2528 1318 2583 Hebraice
1371 2531 1471 2600 legi
1531 2529 1774 2601 οὑαγὴθε

219 2621 420 2685 psalmo
454 2631 637 2674 autem
669 2634 850 2685 Lxxu,
890 2619 924 2686 ᾖ
961 2618 1012 2682 7,
1049 2619 1141 2672 ubi
1181 2619 1374 2689 legitur
1397 2628 1570 2683 πων,
1602 2621 1776 2674 oculos

218 2724 413 2772 eorum,
447 2726 608 2778 quam
659 2710 955 2763 lectionem
999 2707 1167 2762 secuti
1209 2719 1333 2762 sunt
1379 2710 1590 2778 Aquila,
1625 2710 1777 2780 Sym-

218 2801 448 2853 machus
487 2811 537 2854 et
582 2798 978 2866 Hieronymus,
1011 2796 1152 2849 LXX
1193 2798 1433 2867 legerunt
1471 2807 1646 2865 ww,
1682 2800 1776 2868 qui

215 2899 453 2952 vertunt,
483 2889 664 2943 ἀδικία
690 2887 896 2952 αὐτῶν,
934 2887 1189 2956 iniquitas
1235 2904 1429 2943 eorum.
1476 2888 1542 2942 Et
1570 2890 1774 2957 psalmo

213 2997 410 3041 chvn,
451 2981 532 3046 16,
559 2997 755 3036 vocem
781 2989 916 3040 1'6:
946 2991 1157 3035 veteres
1180 2978 1434 3035 llebraicc
1462 2981 1642 3050 legunt
1666 2983 1777 3035 Xa-

215 3073 357 3140 φεὶρ,
388 3071 650 3139 Chaphir,
679 3079 738 3122 et
776 3067 990 3124 Hesaiae
1031 3084 1259 3134 xxxviii,
1305 3069 1389 3133 M,
1439 3085 1622 3124 vocem
1655 3081 1772 3135 D‘D,

208 3173 388 3227 equus,
433 3157 744 3212 Theodotio
793 3157 922 3226 legit
963 3166 1086 3223 D’o,
1140 3158 1244 3220 σὶς,
1289 3157 1428 3210 LXX
1469 3175 1596 3214 vero
1636 3159 1775 3230 χελι-

206 3246 328 3313 δών,
361 3250 614 3312 hirundo,
645 3257 972 3302 verterunt:
1008 3263 1116 3316 qua
1157 3249 1221 3302 de
1271 3264 1329 3302 re
1373 3247 1769 3318 Hieronymus:

201 3335 316 3390 Pro
343 3339 491 3408 pullo
524 3339 870 3402 hirundinis,
887 3339 994 3390 sive
1015 3336 1320 3403 hirundine,
1349 3353 1406 3389 ut
1432 3335 1581 3392 LXX
1611 3349 1776 3392 trans-

201 3431 462 3490 tulerunt,
498 3428 556 3479 in
604 3425 875 3479 Hebraico
903 3429 1159 3493 scriptum
1192 3436 1288 3491 est,
1315 3442 1405 3480 sus
1429 3442 1585 3490 Αῦοιι,
1638 3429 1774 3496 quod

195 3517 581 3584 interpretatus
607 3527 689 3569 est
714 3515 934 3584 Aquila,
958 3531 1133 3585 equus
1166 3531 1292 3584 agor
1314 3535 1328 3576 ;
1352 3516 1655 3583 ‘Tlteodotio,
1699 3533 1775 3574 sts

189 3620 381 3670 scen;
419 3607 592 3658 media
617 3606 764 3658 enim
792 3606 990 3658 vocalis
1029 3605 1204 3658 littera
1234 3621 1354 3671 νιν,
1383 3608 1429 3659 si
1452 3616 1672 3676 ponatur
1695 3610 1774 3660 in-

192 3702 278 3746 ter
300 3695 410 3746 duo
435 3709 644 3747 suecu
689 3693 889 3762 legitur
915 3707 1030 3757 sus,
1057 3702 1105 3744 et
1150 3693 1463 3761 appellatur,
1493 3709 1685 3764 equus,
1727 3697 1773 3748 si

190 3797 290 3838 non
317 3786 533 3853 legitur,
561 3800 663 3846 sus,
693 3795 744 3836 et
775 3784 1015 3838 hirundo
1044 3785 1259 3838 dicitur.
1297 3785 1362 3838 Et
1384 3783 1623 3839 Ieremia:
1655 3801 1771 3852 vni,

189 3869 252 3936 7,
288 3885 395 3934 ετ
435 3875 564 3926 item
606 3874 845 3943 legitur;
895 3873 950 3926 in
987 3874 1227 3942 margine
1268 3882 1445 3928 autem
1487 3872 1773 3928 Hebraieo-

187 3977 394 4016 corum
439 3963 745 4017 Bibliorum
782 3970 1010 4016 notatur
1056 3964 1336 4032 legendum
1379 3979 1498 4018 esse
1531 3972 1647 4030 D’D,
1681 3965 1771 4018 ubi

187 4046 568 4123 Hieronymus
618 4071 632 4106 :
682 4051 920 4104 Rursum
959 4069 1055 4120 pro
1099 4053 1386 4106 hirundine
1435 4051 1769 4121 Symmachus

187 4142 448 4194 cicadam
484 4141 790 4203 transtulit,
818 4156 936 4208 quia
963 4139 1220 4194 Hebraice
1241 4141 1437 4194 dicitur
1457 4157 1552 4195 διε.
1591 4140 1771 4212 Longe

191 4231 364 4296 plura
390 4232 706 4300 hujusmodi
753 4231 1003 4298 exempla
1046 4229 1286 4298 proferre
1331 4231 1644 4298 possemus:
1677 4233 1771 4286 sed

194 4322 272 4374 ab
304 4323 373 4376 iis
409 4323 860 4392 supersedemus,
909 4321 1150 4375 maxime
1190 4322 1318 4389 quia
1370 4322 1456 4374 illa
1487 4322 1578 4374 τοῦ
1605 4331 1628 4382 1
1660 4324 1713 4375 in
1750 4331 1769 4369 ι

199 4413 433 4466 mutatio
463 4414 794 4481 plerumque
820 4426 1047 4466 sensum
1082 4425 1190 4463 non
1222 4411 1328 4466 alio
1357 4411 1627 4465 transfert.

1421 453 1486 507 1N
1527 453 1845 514 HEXAPLA
1881 459 2218 518 ORIGENIS.

206 557 317 626 ejus
332 552 495 644 lingua
515 548 745 644 habuerit
776 552 1086 614 ηοιὶιὶαηι.
1119 561 1400 624 Eamdem
1430 573 1600 640 ipsam
1621 583 1786 633 Wet-1
1815 587 1856 640 Α
1885 577 1917 644 ᾖ
1958 579 2045 642 ⁸50,
2080 577 2258 632 locum
2319 579 2462 633 hunc
2507 580 2766 637 dillicilem
2803 595 3024 644 nmis-1

3341 472 3410 528 ιο

3050 594 3268 673 nm-p
3295 605 3412 642 ver-

1889 676 2006 719 tunt
2043 667 2284 721 hodierni
2327 669 2712 736 hebraizantes,
2744 673 2852 726 Fili
2889 692 3133 740 perversae
3175 667 3410 731 rebellio-

1887 757 2001 815 nis;
2040 755 2286 826 Vulgata,
2335 758 2445 810 Fili
2480 761 2708 813 mulieris
2757 764 2920 816 virum
2962 766 3098 818 ultro
3141 769 3408 834 rapientis,

1889 844 2258 915 Symmachus,
2305 847 2414 900 Fili
2461 849 2961 917 indisciplinatarum
3019 853 3403 920 deﬁcientium;

1885 933 2052 996 LXX,
2079 936 2170 988 Υἱὲ
2217 938 2480 1006 κορασίων
2515 939 2960 1008 αὐτομολούντων,
3003 943 3153 996 aliter
3183 945 3408 1010 αὐτομο-

1885 1023 2105 1087 λουσῶν,
2137 1025 2247 1078 Fili
2287 1027 2576 1095 puellarum
2608 1031 2745 1082 ul'tro
2787 1031 3109 1084 venientium.
3139 1032 3242 1087 Pro
3285 1045 3408 1105 “In

1885 1113 2025 1164 enim
2072 1113 2263 1181 legisse
2301 1113 2548 1168 videntur
2586 1127 2748 1182 mw,
2794 1118 3103 1186 puellarum,
3142 1133 3180 1177 Ἴ
3221 1138 3410 1191 nempe

1884 1215 1979 1267 pro
1997 1211 2035 1260 Ἰ.
2070 1211 2129 1255 ιιι
2155 1218 2334 1271 supra.

1952 1290 2146 1344 Praeter
2173 1291 2268 1345 bas
2293 1310 2356 1346 ex
2383 1298 2794 1351 commutatione
2829 1298 3122 1352 litterarum
3156 1310 3300 1355 ortas
3326 1303 3408 1357 in-

1883 1382 2320 1447 terpretationum
2357 1385 2654 1448 varietates,
2680 1386 2796 1440 alite
2826 1389 3174 1443 observantur
3201 1393 3290 1445 ubi
3325 1395 3408 1448 lit-

1883 1476 2007 1520 tera:
2037 1484 2129 1536 pro
2155 1471 2272 1523 aliis
2300 1471 2456 1524 etiam
2489 1489 2592 1526 non
2623 1475 2885 1530 similibus
2909 1479 3204 1534 substitute:
3224 1482 3409 1549 depre-

1884 1557 2204 1624 henduntur,
2238 1560 2318 1614 vel
2343 1563 2428 1614 ubi
2458 1579 2521 1615 ex
2553 1563 2756 1618 duabus
2787 1581 2892 1619 una
2921 1567 3162 1632 efﬁcitur,
3195 1579 3248 1623 ut
3271 1570 3402 1625 Gen.

1883 1661 2013 1711 xxv,
2055 1648 2107 1710 8,
2154 1649 2240 1702 ubi
2299 1650 2487 1717 legitur
2530 1637 2792 1719 $217478,
2836 1657 2902 1706 ad
2933 1657 3174 1724 populum
3216 1675 3404 1726 suum,

1882 1733 2018 1788 alius
2053 1735 2312 1803 interpres
2341 1747 2487 1790 vetus
2519 1741 2803 1801 transtulit,
2836 1743 2968 1811 πρὸς
2993 1745 3114 1806 τοὺς
3149 1746 3404 1815 περάτας,

1882 1823 2062 1886 αὑτοῦ,
2121 1825 2188 1875 ad
2245 1827 2544 1878 transitores
2600 1845 2740 1891 suos,
2799 1831 2888 1897 qui
2951 1833 3140 1901 legisse
3198 1835 3406 1890 videtur

1877 1898 2158 1974 Ὦπιν-ΒΝ.
2190 1912 2255 1965 Et
2280 1912 2434 1967 Num.
2466 1932 2580 1980 xm,
2609 1917 2693 1981 54,
2716 1905 2895 1977 ενῆνεε
2919 1898 3266 1990 Symmachus
3290 1941 3407 1978 ver—

1879 2003 1940 2054 tit
1980 2002 2305 2072 τεραστίους,
2345 2015 2680 2070 portentosos,
2717 2023 2777 2061 ac
2804 2009 2850 2062 si
2892 2010 3150 2076 legeretur
3180 1997 3440 2075 ωνιὺειᾷ

1877 2091 2040 2146 Josue
2073 2109 2197 2147 vero
2228 2110 2298 2157 IV,
2347 2096 2399 2159 5,
2444 2105 2642 2155 ΒἿΞΠΣΠ
2679 2101 2987 2162 sacerdotes,
3022 2101 3157 2154 LXX
3193 2115 3405 2162 vertunt

1878 2181 2029 2244 λίθοι,
2062 2183 2288 2268 lapides,
2310 2185 2434 2252 quia
2465 2186 2698 2252 legerunt
2733 2197 2937 2249 unum
2975 2192 3065 2260 (⁸).
3101 2192 3162 2246 Et
3199 2193 3239 2246 ll
3269 2195 3397 2268 Reg.

1879 2287 2032 2336 xvnt,
2066 2273 2152 2336 ‘53,
2185 2259 2364 2336 τοδε,
2394 2275 2449 2325 in
2477 2277 2641 2330 eundo
2679 2279 2866 2346 ipsum,
2892 2259 3042 2337 vetus
3072 2285 3286 2351 quidam
3317 2259 3402 2342 ιιῖ.

1877 2372 2080 2431 terpres
2139 2364 2330 2432 legisse
2383 2365 2590 2418 videtur
2634 2376 2821 2433 πῃ,
2873 2371 2963 2438 qui
3021 2374 3176 2426 vertit
3225 2377 3282 2429 ἐν
3326 2377 3401 2447 τῷ

1877 2452 2079 2505 κλαίειν
2102 2453 2279 2515 αὐτὸν,
2309 2454 2362 2505 in
2390 2455 2560 2521 ﬂendo
2586 2458 2774 2525 ipsum,
2809 2459 2940 2526 sive,
2984 2478 3099 2513 cum
3139 2465 3303 2530 fleret.
3337 2465 3404 2521 Et

1875 2545 2064 2612 psalm.
2112 2560 2258 2608 uxr,
2291 2545 2374 2608 14,
2410 2555 2554 2611 ΠὩἿ,
2588 2550 2796 2616 sanguis
2841 2566 3037 2616 eorum,
3074 2551 3212 2606 LXX
3259 2556 3401 2625 lege-

1875 2642 2000 2688 runt
2019 2644 2186 2700 Dm,
2235 2635 2648 2704 interpretantur
2689 2639 2853 2702 enim,
2887 2640 2947 2692 τὸ
2984 2642 3149 2712 ὄνομα.
3196 2645 3396 2715 αὐτῶν,

1875 2738 2055 2776 nomen
2108 2741 2302 2780 eorum.
2375 2724 2626 2781 Proverb.
2685 2743 2831 2793 xxvr,
2880 2731 2975 2794 17,
3018 2733 3207 2801 legitur
3246 2745 3395 2796 1.1m:

1874 2812 2068 2881 aliique
2110 2829 2314 2877 omnes,
2344 2817 2628 2882 auriculas,
2662 2826 2721 2870 ut
2762 2835 2858 2887 par
2895 2831 2996 2884 est,
3057 2827 3399 2896 exprimunt;

1874 2901 2012 2955 LXX
2047 2919 2195 2970 vero,
2243 2907 2333 2974 qui
2373 2917 2580 2962 vertunt
2628 2909 2841 2981 κέρκου,
2891 2921 3018 2971 231:1
3070 2916 3207 2970 haud
3240 2919 3402 2974 dubio

1873 2991 2065 3061 legisse
2093 2995 2353 3049 videntur.
2386 2995 2591 3052 Similia
2626 3001 2757 3056 bene
2788 3002 2952 3055 multa
2992 3003 3180 3059 all‘erre
3211 3022 3400 3074 posse-

1872 3095 1993 3133 mus
2019 3081 2109 3135 ubi
2135 3082 2446 3151 interpretes
2471 3085 2542 3138 illi
2572 3095 2793 3150 veteres,
2828 3089 2939 3143 sive
2967 3093 3111 3146 varie
3153 3093 3395 3162 legerint,

1801 3191 1846 3251 ο
1875 3168 1986 3222 sive
2023 3169 2168 3224 varie
2209 3172 2486 3241 legendum
2527 3177 2844 3244 putaverint,
2895 3179 3048 3250 longe
3093 3183 3396 3251 disparatae

1874 3255 2333 3325 interpretationes
2369 3261 2643 3317 dederunt.
2684 3266 2750 3318 At
2790 3267 2856 3321 iis
2895 3270 3139 3325 consulto
3179 3265 3395 3342 praster-

1873 3345 2053 3400 nissis
2079 3346 2144 3399 ad
2168 3347 2268 3401 alia
2293 3357 2646 3407 transeamus.

1941 3433 2016 3486 Ex
2048 3437 2206 3490 modo
2243 3439 2402 3490 etiam
2427 3439 2688 3496 dividendi
2716 3458 2872 3499 voces
2901 3446 3395 3513 interpretationi-tn

1872 3526 2100 3580 varietas
2125 3526 2315 3593 oritur,
2361 3537 2418 3581 ut
2452 3529 2702 3584 Proverb.
2733 3549 2884 3599 xvm,
2915 3535 2998 3599 10,
3029 3522 3172 3597 51:13
3204 3539 3394 3608 Aquila

1872 3624 1923 3670 et
1954 3614 2272 3681 Theodotio,
2300 3618 2524 3686 πύργος,
2557 3623 2748 3686 turris;
2769 3623 2908 3677 LXX
2938 3641 3059 3680 vero
3081 3637 3132 3680 et
3154 3629 3321 3692 Alius,
3344 3640 3396 3688 Ὠ

1873 3703 2127 3757 habentes
2152 3705 2303 3774 quasi
2330 3707 2756 3775 praepositionem
2783 3718 2873 3791 πω,
2900 3710 3092 3777 rcjecto
3117 3719 3159 3797 τ,
3193 3715 3255 3764 ὲκ
3298 3731 3393 3782 με-

1872 3791 2179 3860 γαλωσύνης
2223 3803 2276 3848 et
2321 3795 2382 3845 ἐκ
2434 3796 2705 3864 μεγέθους,
2752 3814 2815 3850 ea:
2853 3791 3223 3868 magnitudine,
3273 3819 3395 3856 ver-

1871 3887 2009 3933 tunt.

1942 3966 2018 4019 Ex
2046 3967 2389 4024 similitudine
2420 3973 2544 4025 item
2574 3981 2690 4025 soni
2728 3975 3011 4040 aliquando
3040 3975 3229 4030 littera:
3273 3978 3392 4030 nul-

1870 4057 2076 4110 latenus
2105 4058 2305 4112 similes
2335 4059 2449 4112 alia:
2472 4075 2564 4128 pro
2587 4061 2704 4114 aliis
2732 4063 3081 4129 accipiuntur,
3114 4073 3168 4116 ut
3197 4065 3389 4132 psalm.

1871 4161 2092 4212 Luxu,
2141 4147 2238 4212 11,
2284 4163 2464 4202 vocem
2526 4158 2672 4214 tam,
2731 4153 2854 4217 cito,
2907 4153 3096 4220 Aquila
3135 4153 3270 4224 ἀνὴρ
3312 4155 3393 4206 vir

1871 4237 2264 4306 interpretatur,
2293 4253 2356 4292 ac
2388 4239 2433 4291 si
2477 4239 2689 4310 legisset
2713 4251 2845 4300 tam.
2877 4243 3044 4297 Exod.
3078 4259 3148 4308 IV,
3181 4244 3266 4308 26,
3293 4258 3390 4298 vo-

1869 4341 1983 4381 cem
2003 4335 2102 4411 ἶιτι
2124 4327 2278 4380 vertit
2299 4329 2637 4398 ἐσφράγισεν,
2660 4347 2723 4386 ac
2743 4333 2786 4386 si
2812 4333 3022 4402 legisset
3045 4344 3184 4394 Dm.
3210 4335 3393 4388 Exem-

1867 4414 2014 4482 plum
2045 4416 2528 4484 singularissimum
2569 4419 2792 4475 habetur
2821 4422 3014 4478 Ezech.
3047 4441 3166 4488 XIII,
3213 4424 3267 4489 5,
3298 4425 3391 4478 ubi

272 4504 382 4558 Sed
413 4506 644 4560 mutatio
673 4503 770 4557 τοῦ
796 4514 819 4562 1
850 4506 905 4557 in
935 4516 977 4562 ἰ
1008 4511 1064 4557 et
1089 4503 1354 4566 vicissim,
1384 4519 1502 4571 qua:
1531 4520 1770 4558 nonnun-
1798 4523 1842 4577 ι)
2039 4507 2106 4557 ad
2133 4507 2374 4560 standum
2400 4509 2471 4562 ita
2495 4520 2782 4576 verterunt,
2810 4513 2944 4566 LXX
2977 4530 3038 4567 ac
3068 4516 3112 4569 si
3139 4515 3392 4583 legissent

195 4606 366 4659 quam
398 4594 661 4657 occurrit,
692 4607 954 4660 magnam
1002 4591 1506 4658 interpretationum
1538 4593 1767 4645 varieta-

197 4685 310 4732 lem
345 4682 500 4748 parit.
531 4680 654 4734 Jam
679 4680 924 4744 vidimus
945 4694 1114 4746 supra
1142 4679 1208 4731 ad
1238 4678 1427 4745 psalm.
1466 4695 1612 4742 xxix,
1656 4681 1686 4747 ᾖ
1717 4683 1768 4745 8,

196 4768 590 4838 Symmachum
627 4773 828 4840 legisse
867 4763 1422 4836 711.15.progeniwri.
1455 4785 1550 4836 pro
1577 4761 1774 4837 mn‘a.

198 4861 385 4912 monti.
423 4859 489 4912 Et
517 4859 653 4914 Gen.
689 4874 880 4922 xxxxv,
926 4858 983 4921 2,
1022 4858 1114 4910 ubi
1150 4858 1343 4924 legitur
1378 4864 1497 4916 mn
1529 4869 1582 4912 et
1630 4859 1767 4912 LXX

203 4948 415 5012 Εὐαίος,
457 4949 610 5018 Vulg.
651 4949 877 5003 lleuwus
909 4947 1329 5008 transtulerunt,
1361 4957 1508 5002 vetus
1539 4950 1674 5003 alius
1697 4951 1770 5003 in-

215 5048 422 5105 terpres,
448 5041 540 5108 qui
577 5040 725 5092 haud
755 5040 927 5092 dubie
965 5037 1100 5104 legit
1126 5044 1286 5096 iam.
1319 5037 1574 5107 Χορῤαῖος
1605 5041 1772 5093 reddi-

217 5124 305 5176 dit.
328 5124 456 5180 Sunt
480 5136 664 5180 autem
689 5125 945 5180 (lhorraei
975 5124 1063 5175 vel
1085 5121 1285 5174 Horroei
1307 5132 1461 5176 altera
1488 5141 1617 5192 gens
1637 5126 1770 5179 Cha-

223 5227 528 5269 nanaeorum.
575 5215 643 5269 Et
682 5214 750 5267 IV
791 5216 933 5282 Reg.
975 5227 1058 5276 χι,
1097 5211 1185 5274 16,
1234 5210 1318 5262 ubi
1356 5211 1547 5280 legitur
1584 5223 1766 5280 ωηειο,

223 5298 352 5356 LXX
376 5307 470 5360 τῶν
499 5309 704 5369 ἵππων,
743 5305 1018 5372 Vulgata,
1054 5316 1298 5368 equorum
1343 5313 1566 5357 vertunt.
1618 5307 1770 5362 Alius

219 5399 379 5445 autem
421 5405 570 5450 vetus
606 5397 914 5461 interpres,
955 5389 1056 5456 qui
1106 5395 1282 5442 mmo
1328 5387 1462 5456 legit,
1501 5394 1770 5463 εὐνούχων

214 5482 316 5539 sive
336 5488 682 5540 cunuchorum
722 5477 1050 5537 transtulit.
1080 5473 1199 5526 Lib.
1225 5472 1244 5522 Ι
1279 5473 1488 5546 Regum,
1516 5497 1639 5551 cap.
1672 5501 1767 5551 xx,

243 5623 317 5696 Γ)
351 5624 463 5679 Non
499 5633 717 5696 Cum"
749 5615 1065 5696 νεθηιὲϊὲἷιξ
1103 5606 1288 5696 ἔίθῗηξ-
1311 5611 1390 5696 “id.
1416 5622 1603 5696 “’33.”,
1626 5621 1771 5696 βδε-

199 5674 811 5799 1ﬁt.‘e',.’,'.;g.,.7,jarma
856 5680 1062 5743 τείρει.
1102 5674 1205 5724 hoc
1240 5674 1302 5752 in.
1339 5693 1487 5753 δ-ρνεα
1532 5674 1767 5755 agatur.

241 5756 327 5799 la...
353 5775 528 5799 ηηιοηι
586 5754 932 5799 “miserunt
976 5751 1095 5795 tres
1131 5739 1350 5796 ltebratcr
1395 5755 1562 5799 textus
1618 5769 1767 5799 ιιιιειε-

240 5739 545 5820 ιὸὶὲῦῐέάῖ
578 5739 932 5811 ἶωῖἱεετιιιιι
957 5739 1095 5795 ’ῑτθε
1131 5739 1350 5796 hebraici
1370 5817 1378 5819 ἢ
1395 5755 1562 5807 textus
1584 5739 1794 5835 "magi

1866 4580 2042 4660 τιδέ),
2073 4598 2481 4664 interpretantur
2503 4601 2643 4653 enim
2671 4602 2933 4670 λέγοντες,
2966 4580 3211 4660 dicentes:

1865 4685 1953 4738 ιν.
1989 4686 2062 4739 De
2105 4690 2272 4756 prisco
2304 4695 2615 4757 scripturam
2656 4692 2965 4747 Hebraicam
2995 4696 3194 4764 legendi
3223 4712 3382 4752 more.

1933 4773 2188 4830 Fateatur
2216 4779 2404 4832 eruditi
2434 4795 2619 4835 omnes
2657 4797 2906 4850 magnum
2946 4784 3270 4838 intercedere
3303 4786 3384 4838 in-

1865 4875 1945 4920 ter
1991 4879 2192 4920 veteres
2238 4877 2292 4921 et
2330 4872 2651 4924 recentiores
2693 4872 2745 4922 in
2795 4871 3060 4926 llebrai‘cae
3110 4875 3387 4942 scriptura

1865 4955 2088 5009 lectione
2129 4955 2447 5023 discrimen;
2503 4961 2609 5012 imo
2655 4967 2707 5011 et
2734 4960 2970 5012 eamdem
3007 4962 3175 5028 ipsam
3223 4965 3273 5015 in
3309 4966 3386 5017 le-

1865 5045 2032 5112 gendo
2057 5044 2361 5099 varietatem
2400 5064 2498 5101 suo
2525 5057 2758 5114 tempore
2779 5049 3069 5116 observari,
3097 5053 3170 5106 ait
3193 5052 3383 5108 Hiero-

1865 5147 2055 5200 nymus
2092 5135 2245 5202 epist.
2294 5135 2360 5188 ad
2404 5133 2763 5204 Evangelum:
2810 5134 2926 5190 Nec
2967 5139 3142 5209 refert,
3189 5140 3383 5206 inquit.

1866 5231 2038 5274 utrum
2073 5222 2245 5277 Salem
2279 5233 2370 5276 aut
2415 5223 2575 5276 Salim
2613 5227 2932 5280 nominetur:
2966 5244 3079 5280 cum
3121 5228 3384 5281 vocalibu.

1864 5312 1919 5362 in
1942 5313 2104 5364 medio
2133 5313 2316 5365 litteris
2343 5330 2552 5382 perraro
2573 5325 2784 5368 utantur
2827 5315 3053 5381 Hebrtei,
3085 5327 3132 5369 et
3160 5332 3253 5382 pro
3294 5330 3381 5368 co-

1865 5399 2059 5453 luntate
2080 5400 2335 5467 ilectorum
2361 5417 2424 5454 ac
2464 5403 2708 5458 varietate
2740 5407 2998 5474 regionum
3027 5405 3204 5457 eadem
3228 5403 3380 5455 verba

1865 5488 2073 5542 diversis
2102 5490 2239 5541 sonis
2269 5499 2416 5557 atque
2446 5491 2732 5546 accentibus
2758 5495 3104 5562 proferantur.

1867 5625 2108 5678 cedentes
2153 5640 2346 5693 voces,
2385 5641 2516 5693 quas
2560 5627 2759 5683 Theod.
2804 5630 2882 5682 sic
2927 5627 3154 5680 reddidit
3207 5638 3220 5671 :
3269 5617 3377 5693 ita?)

1870 5694 2102 5768 στάσειυς
2134 5692 2301 5768 mem
2329 5691 2433 5746 τῶν
2467 5697 2670 5768 ἱερέων,
2703 5699 2754 5750 h.
2791 5713 2839 5750 e.
2874 5711 2898 5748 ι
2933 5701 3148 5748 statione
3191 5691 3375 5755 Ρεάωη

1801 5761 2210 5849 "rsacerdotum.
2250 5761 2445 5816 Ducti.
