3878 6370
226 442 292 499 49
1447 447 1515 505 IN
1550 445 1865 503 HEXAPLA
1898 442 2234 504 omnem.
3352 433 3419 489 so

205 546 969 658 aspiraturginitiog‘vpeislsed
1008 568 1051 607 τ
1090 556 1350 658 legatur
1399 567 1537 639 apud
1569 576 1792 633 veteres,
1822 573 1867 627 Α
1895 555 3072 658 Ρεθὶιη.ιιιςν,10,ςινι5ι,η)ν.Ρεειῐιιι.ιινιιι,
3099 551 3150 615 6,
3166 558 3265 638 Tw,
3284 546 3413 602 ἀὼνο

191 659 253 706 ιιι
283 646 345 700 in
368 642 442 696 his
461 638 709 707 exemplis
729 634 1062 697 cernimus.
1090 643 1277 708 Unde
1300 634 1552 711 fortassis
1570 656 1801 726 suspicio
1901 658 2025 711 ibid.
2073 656 2157 718 l2,
2197 653 2318 723 ἀλή,
2362 634 2469 713 ἦν.
2500 647 2619 702 lsai.
2655 661 2742 711 xv,
2782 647 2833 712 1,
2871 634 3183 705 Theodotlo,
3214 641 3415 710 agna.

177 739 418 801 ονὶιιιιιι
441 738 761 800 Ροείτεῐηδηι
795 727 1096 801 “ueram.
1136 754 1276 808 (tum
1322 745 1380 800 in
1421 746 1594 801 allatis
1633 746 1803 800 omni-

174 837 294 890 bus
349 819 588 888 exemplis
624 816 960 890 aspiratur,
1024 825 1180 883 olim
1218 831 1394 888 fuisse
1419 845 1460 893 τι
1492 833 1801 903 aspiratum,

168 923 291 981 ιεει
308 923 483 979 umque
508 908 674 962 fuisse
704 917 830 966 nu:
854 924 969 980 pro
998 922 1148 975 tam
1171 918 1443 976 hodierno
1473 923 1564 993 (λ’).
1596 921 1726 976 Nam
1754 933 1803 978 ta

164 1020 299 1073 non
327 998 641 1070 aspirabaut-
695 997 800 1053 Sic
855 1002 1086 1070 psalm.
1121 1023 1243 1076 (ιιι,
1271 1012 1331 1075 t,
1362 1012 1494 1076 τάλ,
1535 995 1637 1078 Su,
1683 1028 1800 1076 ros;

162 1090 386 1179 psalm.
414 1104 522 1179 vni,
549 1089 603 1151 6,
636 1085 783 1156 μᾶτ,
804 1100 969 1179 πεπρ
991 1133 1008 1157 ,
1046 1111 1296 1164 parum;
1332 1099 1619 1154 Deuteron.
1643 1115 1717 1164 χι,
1746 1100 1797 1153 5.

183 1195 297 1247 λη
335 1178 524 1246 σεττὶμ,
551 1182 772 1243 Dim;
812 1184 874 1230 et
906 1177 1084 1236 Isaia:
1111 1200 1265 1253 xxvr,
1290 1187 1324 1240 ’ὅ
1354 1195 1408 1241 et
1434 1187 1488 1253 4,
1521 1187 1679 1257 βατοὺ
1709 1185 1803 1256 βα-

200 1265 354 1330 τοοῦ,
384 1274 517 1326 me:
532 1275 711 1325 m2.

287 1352 485 1413 'ntlod.
518 1351 803 1410 Eusebius
828 1355 979 1427 legit
1024 1360 1135 1415 Ἰόθ
1176 1372 1233 1417 et
1260 1378 1364 1418 ms.
1409 1361 1517 1417 Jes.
1560 1362 1694 1416 Ἰώθ.
1743 1361 1801 1417 In

227 1443 484 1514 alphabeto
503 1442 634 1499 item
665 1444 1050 1506 Murbacensi
1072 1452 1277 1522 legitur
1306 1467 1450 1507 lora.
1474 1451 1650 1507 Codex
1673 1453 1798 1507 item

234 1530 433 1587 Coislin.
470 1529 722 1601 Graecus,
784 1553 1042 1595 numero
1102 1540 1230 1606 i9l,
1283 1541 1441 1594 habet
1502 1538 1638 1594 Ἰώθ.
1697 1540 1799 1605 Qui

244 1618 505 1674 multorum
534 1621 591 1677 in
620 1634 925 1694 postrema
954 1628 1143 1684 littera
1171 1643 1468 1685 consensus
1496 1629 1799 1683 subindicat

246 1709 351 1763 olim
377 1709 566 1766 lectuin
625 1712 810 1770 fuisse
855 1725 988 1783 ἣν,
1041 1719 1189 1788 quod
1237 1719 1552 1774 conﬁrmare
1592 1718 1798 1772 videtur

58 1848 65 1899 ξ
399 1798 684 1899 .Grazcum,
715 1805 872 1860 haud
899 1809 1071 1862 dubie
1093 1824 1160 1862 ex
1192 1807 1452 1863 Hebraico
1476 1809 1792 1863 derivatum.

236 1980 473 2034 asseritur
498 1982 553 2035 id
582 1985 739 2052 quod
771 2001 945 2054 supra
979 1988 1246 2042 diximus.
1298 1986 1365 2041 Ut
1406 1995 1465 2041 ut
1507 2001 1632 2041 vero
1680 1988 1747 2042 sit
1776 1996 1795 2035 τ

233 2068 412 2212 ξιιῗιήιε
441 2072 696 2128 redditur
728 2089 833 2145 per
869 2094 890 2130 ι
935 2077 1006 2131 ab
1048 2078 1323 2132 omnibus.
1372 2076 1447 2131 De
1499 2077 1795 2147 quiescenti

256 2174 282 2211 ιι
303 2174 377 2212 ra.

256 2174 377 2213 una.

294 2261 360 2334 rp
380 2249 585 2321 Chaph,
616 2255 707 2310 vel
743 2252 933 2323 Kaph,
966 2262 1027 2310 ut
1053 2256 1387 2326 grammatici
1428 2255 1709 2322 hodierni,
1743 2263 1796 2310 et

50 2342 59 2441 Ι
232 2338 563 2441 alphabetum
622 2343 1038 2441 hiurbaceiise:
1080 2343 1345 2399 Eusebius
1400 2352 1454 2399 et
1500 2360 1631 2400 mss.
1661 2343 1793 2411 Jes.,

232 2427 354 2495 χὰφ.
385 2428 467 2483 Ab
487 2431 898 2500 interpretibus
922 2432 1200 2501 aspiratur
1245 2448 1487 2501 semper,
1531 2441 1590 2486 ut
1639 2433 1796 2486 innu-

52 2520 57 2549 '
236 2520 387 2572 meris
404 2521 673 2588 exemplis
704 2536 777 2574 ex
801 2522 909 2575 hac
931 2522 1252 2576 collectione
1272 2521 1565 2590 desumptis
1580 2521 1795 2591 probari

237 2616 433 2670 potest;
459 2608 602 2676 quod
644 2608 694 2662 si
725 2608 816 2662 bis
848 2615 1000 2663 terve
1046 2609 1378 2662 contrarium
1428 2617 1707 2673 occurrat,
1741 2608 1793 2663 id

235 2705 407 2762 potest
435 2698 791 2753 librariorum
824 2699 1134 2754 oscitantize
1161 2698 1381 2754 ascribi.

305 2773 651 2849 πῇιιαηιεά.
705 2789 985 2845 Eusebius
1013 2798 1068 2843 et
1096 2805 1227 2845 mss.
1273 2788 1382 2845 les.
1429 2788 1576 2854 λὰὁδ,
1622 2787 1789 2844 Labd.

48 2878 55 2949 ξ
236 2876 514 2935 Crederem
546 2880 762 2935 librarii
796 2889 982 2935 errato
1024 2878 1160 2933 λάὃδ
1209 2895 1307 2949 pro
1349 2878 1489 2950 λάμδ
1533 2880 1792 2948 scriptum

50 2972 55 2987 '
233 2965 429 3036 fuisse,
464 2973 591 3041 quia
626 2987 658 3025 a
683 2986 738 3025 ιι
770 2971 857 3026 vel
890 2986 926 3024 ι
955 2970 1158 3026 saeculo
1196 2970 1245 3034 ,β
1275 2978 1328 3024 et
1362 2987 1408 3039 μ
1440 2970 1492 3025 in
1519 2969 1794 3024 codicibus

48 3064 55 3097 ι
233 3058 433 3114 amnem
467 3076 611 3130 saepe
635 3059 876 3115 formam
901 3060 1127 3124 habent,
1161 3066 1221 3112 ut
1249 3057 1456 3113 ditlicile
1474 3058 1793 3128 quandoque

232 3148 302 3204 sit
329 3150 484 3204 aliam
511 3151 582 3204 ab
597 3149 709 3204 alia
732 3149 919 3203 littera
949 3145 1301 3217 distinguere,
1325 3145 1553 3200 maxime
1578 3145 1791 3215 quando

230 3251 419 3294 sensus
447 3255 556 3295 non
583 3232 778 3308 juvat,
808 3244 871 3291 ut
907 3237 998 3291 hic
1023 3234 1322 3305 contingit;
1358 3235 1450 3290 sed
1475 3250 1595 3289 cum
1626 3234 1788 3289 codex

220 3321 355 3393 ειυς..
376 3345 471 3393 vui
488 3329 716 3383 circiter
739 3326 949 3383 saeculo
966 3333 1248 3391 exaratus,
1266 3324 1461 3383 unciali
1488 3326 1793 3380 charactere

220 3418 455 3485 scriptus
486 3419 579 3481 sit,
612 3417 726 3470 alia
753 3413 1051 3484 quaerenda
1081 3412 1246 3481 hujus
1267 3412 1393 3466 nodi
1424 3412 1621 3468 solutio
1646 3431 1660 3466 :
1684 3411 1795 3466 ior-

28 3476 43 3645 l
218 3476 386 3558 lassis
407 3506 473 3558 ad
496 3476 840 3573 euphoniam
875 3510 932 3556 et
961 3476 1261 3555 faciliorem
1304 3501 1791 3569 pronuntiationem

215 3603 321 3645 ι)το
346 3594 507 3645 una.
536 3593 675 3645 λάὁδ
702 3592 981 3645 scriptum
1011 3587 1137 3645 fuit.
1178 3588 1533 3645 Alnbabetum
1580 3589 1791 3644 Murba-

215 3603 321 3657 pro
346 3594 507 3664 λὰμδ,
536 3593 675 3646 λέιὸδ
702 3592 981 3661 scriptum
1011 3587 1137 3645 fuit.
1178 3588 1533 3660 Alpbabetum
1580 3589 1792 3644 Murba-

213 3688 383 3733 cense
417 3696 614 3735 LAIED.

214 3710 383 3733 υςιιδῠ
418 3710 614 3735 lci-lan

27 3710 37 3915 '
292 3780 391 3829 an
412 3770 569 3822 Mem.
604 3769 883 3824 Eusebius
907 3777 961 3824 et
985 3767 1113 3824 cod.
1145 3766 1256 3824 Jes.
1287 3767 1423 3838 Μὴμ
1471 3767 1680 3837 legunt,
1711 3769 1791 3821 al-

212 3861 443 3915 Dimbet.
474 3858 724 3914 Murbac.
753 3875 890 3914 ιίιειι.
921 3859 1125 3914 Omnes
1156 3874 1285 3912 vero
1312 3869 1362 3915 2:
1390 3872 1482 3915 Der
1529 3875 1580 3911 m
1619 3858 1791 3915 exori-

212 3861 443 3923 phal:et.
474 3858 724 3914 Murbac.
753 3875 890 3914 ιίιειι.
921 3859 1125 3914 Omnes
1156 3874 1285 3912 vero
1312 3869 1362 3917 ιε
1390 3872 1482 3927 per
1529 3875 1580 3911 m
1619 3858 1794 3926 expri-

216 3954 401 4008 munt,
425 3956 798 4016 praeterquam
830 3947 886 4000 in
920 3945 1027 4001 (ine
1049 3961 1265 4009 vocum,
1296 3947 1386 3999 ubi
1413 3961 1446 3998 η
1469 3958 1566 4016 pro
1597 3961 1647 3996 m
1684 3944 1791 3998 fre-

212 4036 578 4100 queutissime
605 4043 822 4105 ponunt
854 4033 1053 4098 Graeci,
1082 4035 1210 4104 quia
1242 4048 1436 4104 nempe
1481 4048 1513 4088 a
1543 4033 1791 4087 termina-

212 4125 372 4178 tione
398 4128 448 4177 in
469 4142 517 4193 μ
546 4125 813 4181 abhorret
838 4123 1028 4179 Graeca
1052 4122 1281 4194 Lingua.

292 4222 363 4299 ra
394 4214 539 4268 Nan.
567 4215 850 4269 Eusebius
898 4224 954 4269 et
985 4214 1157 4268 codex
1186 4213 1403 4277 Jesuit.,
1435 4211 1576 4267 νοῦν.
1623 4211 1722 4268 Per
1759 4230 1791 4267 η

212 4036 578 4100 queutissime
605 4043 822 4105 ponunt
854 4033 1053 4098 Graeci,
1082 4035 1210 4104 quia
1242 4048 1436 4104 nempe
1481 4048 1513 4088 a
1543 4033 1807 4087 termina-'

212 4125 372 4178 tione
398 4128 448 4177 in
469 4142 517 4193 μ
546 4125 813 4181 abhorret
838 4123 1028 4179 Graeca
1052 4122 1281 4194 Lingua.

292 4222 363 4299 ra
394 4214 539 4268 Nan.
567 4215 850 4269 Eusebius
898 4224 954 4269 et
985 4214 1157 4268 codex
1186 4213 1403 4277 Jesuit.,
1435 4211 1576 4267 νοῦν.
1623 4211 1722 4268 Per
1759 4230 1793 4267 η

221 4317 434 4360 omnes.
462 4305 833 4374 Alphabetum
859 4303 1216 4359 Murbacense
1240 4320 1365 4357 nun.

296 4404 418 4475 -ιω
434 4393 679 4449 Samech.
703 4393 978 4450 Eusebius
1004 4404 1060 4449 et
1080 4395 1247 4449 codex
1265 4394 1399 4459 Jes.,
1424 4396 1584 4465 σάμχ.
1602 4394 1792 4464 Alpha-

292 4584 375 4663 τις
405 4577 526 4629 Ain.
557 4574 759 4631 Euseb.
791 4584 846 4630 et
869 4575 995 4629 cod.
1036 4574 1174 4640 Jes.,
1209 4574 1316 4627 ἄῖν.
1350 4574 1574 4643 Alphab.
1614 4575 1792 4631 Μαι-ι).

224 4678 334 4720 ιω.
365 4666 504 4719 LXX
548 4664 883 4735 lnterpretes
915 4680 1027 4720 non
1085 4680 1210 4719 raro
1262 4680 1355 4732 per
1389 4683 1427 4734 γ
1465 4667 1787 4735 exprimunt.

222 4754 315 4819 3.,
336 4756 488 4822 γαυέ,
507 4765 624 4817 my.
642 4754 787 4808 Alibi
810 4764 866 4808 et
890 4755 1133 4807 litteram
1159 4762 1214 4806 et
1235 4754 1521 4808 motionem
1544 4756 1792 4825 frequen-

221 4845 337 4898 lius
365 4860 457 4912 per
478 4861 529 4909 e,
561 4857 966 4912 nonnunquam
1021 4856 1119 4910 per
1151 4857 1191 4893 a
1228 4841 1471 4894 reddunt.
1522 4844 1610 4897 Sic
1654 4844 1786 4900 Gen.

234 4948 293 4994 ιι,
317 4933 368 4996 8,
395 4944 505 5018 rm,
532 4935 668 4987 ὲδέν.
704 4934 844 4987 Gen.
873 4945 1078 4993 xxvm,
1109 4929 1201 4994 l9,
1225 4930 1330 4998 εῐρ,
1353 4936 1475 4994 -πίτ;
1504 4929 1665 4988 Josue
1694 4950 1787 5001 vu,

234 5021 318 5108 Erl,
350 5017 501 5091 ὲμέκξ
525 5032 698 5108 Fm;
734 5021 756 5074 l
788 5021 927 5088 Reg.
952 5034 1099 5108 xvii.
1131 5018 1223 5073 18.
1246 5019 1333 5108 ἐξ,
1356 5019 1562 5088 ὲρουὸά,
1596 5033 1784 5089 twn-ut;

244 5107 299 5160 ιιι
322 5108 447 5176 Reg,
475 5101 551 5173 ni,
596 5110 684 5172 12,
708 5118 881 5170 ηενρ
902 5147 920 5171 ,
950 5101 1128 5168 LXX,
1154 5102 1378 5172 μεεϐέρ;
1411 5102 1474 5154 ιν
1500 5102 1629 5175 Reg.
1661 5121 1701 5168 ι,
1734 5106 1787 5173 2,

243 5208 409 5284 mp,
438 5200 633 5271 ἐκρὼν.
680 5200 893 5252 PSulm.
938 5208 1097 5255 XLVI.
1137 5193 1171 5259 Ῡ
1209 5192 1326 5284 uita
1355 5200 1460 5256 DY;
1505 5192 1597 5263 ἔμ,
1643 5211 1784 5258 cum.

246 5277 331 5339 sed
357 5292 554 5354 quando
570 5300 655 5352 ω
674 5287 965 5355 signiﬁcat
991 5279 1249 5349 papirius,
1272 5277 1450 5345 legitur
1470 5280 1566 5348 ἄμ.
1588 5281 1786 5338 Psalm.

242 5388 318 5435 xc,
347 5374 394 5438 9,
433 5378 629 5440 Ἑλιών,
654 5361 819 5460 ἶνιν).
852 5370 997 5425 Isai.
1034 5379 1185 5427 ιιιγ,
1212 5361 1592 5460 SlTheodotio,
1616 5369 1788 5441 ὲδδίμ,

239 5473 374 5528 377:7.
402 5465 461 5519 Et
485 5468 564 5521 sic
602 5450 760 5519 alibi.
802 5460 916 5512 Per
948 5473 997 5505 α
1026 5463 1214 5506 autem
1246 5450 1367 5504 Gen.
1401 5471 1480 5517 ιιι,
1511 5460 1566 5520 1,
1601 5460 1789 5530 ἀρώμ,

229 5565 365 5622 am,
394 5559 580 5612 nudus.
602 5557 782 5610 Josue
814 5564 926 5609 vn,
957 5544 1059 5605 24,
1083 5539 1253 5609 ἀχώρ,
1273 5550 1408 5604 ‘I'DF.
1441 5546 1637 5603 Psalm.
1665 5567 1791 5619 vni,

1899 746 1952 799 ln
1982 741 2268 814 appendice
2295 739 2443 794 Deut.
2486 750 2545 802 ll,
2576 735 2663 789 23.
2690 736 2777 797 A.,
2818 734 2950 799 διξὰ,
2984 740 3102 796 my.
3144 730 3215 800 In;
3243 728 3419 791 medio

1899 842 2075 888 autem
2101 846 2312 895 vocum,
2344 830 2454 885 sive
2479 834 2599 893 post
2620 825 2841 895 primam
2870 824 3122 887 litteram,
3147 820 3305 874 modo
3324 834 3418 886 per

1897 941 1946 988 ε,
1979 922 2136 977 modo
2166 936 2334 991 pera,
2358 928 2410 973 et
2436 916 2647 987 quidem
2679 913 3027 982 frequentius,
3057 910 3415 980 exprimitur;

1897 1030 1988 1084 per
2017 1030 2046 1067 ε
2076 1013 2295 1067 Malach.
2326 1028 2387 1074 ιι,
2413 1010 2499 1073 15,
2525 1017 2692 1071 Tm,
2725 1004 2899 1071 θεσού,
2929 1004 3064 1059 Osee
3095 1019 3171 1066 xl,
3199 1005 3223 1057 l
3248 1044 3264 1069 ,
3299 1002 3415 1071 νέρ.

1895 1115 2028 1169 ﬁt”;
2063 1119 2156 1173 per
2179 1103 2252 1171 ξα.
2292 1101 2486 1155 Psalm.
2520 1113 2637 1161 vui,
2679 1097 2731 1163 6,
2763 1096 2887 1166 μὰτ,
2921 1104 3076 1173 mm.
3106 1093 3305 1149 Psalm.
3339 1107 3414 1153 xi,

1898 1195 1950 1260 7,
1976 1169 2213 1264 βασίλιάι,
2238 1177 2411 1254 Sim.
2439 1188 2505 1243 1v
2527 1188 2657 1258 Reg.
2689 1204 2727 1249 ι,
2755 1188 2810 1249 9.,
2837 1185 2955 1256 βάλ,
2974 1169 3098 1247 im.
3128 1181 3252 1238 Isai.
3270 1197 3414 1245 XXVI,

1895 1283 1949 1347 2,
1982 1281 2229 1353 σααρείμ,
2258 1289 2469 1343 ιε’-ιω.
2502 1279 2557 1332 1η
2582 1279 2683 1332 line
2718 1284 2892 1330 autem
2920 1285 3110 1326 vocum
3135 1284 3228 1339 per
3255 1286 3284 1323 ε
3305 1268 3417 1322 fere

1896 1387 2104 1442 semper
2131 1373 2349 1439 legunt,
2389 1369 2493 1423 nisi
2535 1379 2788 1437 sequatur
2817 1376 2855 1423 Π
2891 1362 3265 1432 paragogicum
3303 1358 3417 1414 sive

1896 1461 2323 1515 heemanticum:
2360 1474 2481 1512 nam
2521 1466 2647 1510 tunc
2687 1470 2782 1525 per
2813 1471 2850 1506 α
2889 1453 3097 1523 legitur.
3132 1449 3413 1517 IParalip.

1896 1568 1989 1616 vn,
2011 1551 2111 1617 26,
2155 1549 2352 1620 Ἰησουτέ
2374 1588 2388 1612 ,
2424 1555 2610 1611 mm.
2647 1544 2713 1598 IV
2758 1544 2885 1612 Reg.
2917 1558 2996 1605 ιιι,
3024 1542 3087 1605 4,
3109 1547 3301 1604 mi,
3332 1537 3416 1604 S.,

1894 1637 2054 1702 LXX,
2096 1637 2286 1691 Ἰωδαέ.
2327 1635 2391 1688 lV
2420 1634 2551 1703 Reg.
2582 1649 2730 1695 xvnr,
2755 1633 2840 1685 5t.
2871 1632 2956 1694 A.,
2987 1630 3079 1681 ἁνέ
3101 1668 3116 1691 ,
3155 1637 3284 1690 pan;
3316 1626 3417 1678 ali-

1894 1727 2107 1797 quando
2132 1735 2303 1780 tamen
2328 1740 2421 1792 per
2450 1741 2487 1777 a
2511 1724 2660 1776 Deut.
2693 1714 2944 1781 1.38.0"
2986 1716 3414 1786 'Iqooudz.yw~u19,

1893 1828 1946 1874 et
1971 1816 2131 1871 Iosue
2157 1831 2242 1879 xv,
2268 1813 2358 1877 26,
2396 1813 2597 1884 σαμαά,
2627 1820 2781 1875 ma.

239 1884 467 1952 Quotidie
500 1892 692 1946 incido
726 1894 785 1948 in
821 1898 1049 1951 codices
1094 1897 1189 1966 qui
1231 1897 1344 1950 Ἰὼϐ
1375 1898 1601 1964 habent,
1654 1899 1795 1952 unde
1823 1887 1865 1941 Β
1958 1906 2171 1960 Certum
2193 1912 2368 1958 autem
2393 1911 2474 1958 est
2500 1900 2816 1971 gutturalem
2846 1897 3076 1965 aliquam
3107 1891 3416 1963 pronuntia-

1891 1995 2086 2050 tionem
2118 1993 2367 2049 habuisse
2396 2002 2435 2056 ν
2464 1991 2601 2061 apud
2636 1989 2902 2042 Hebraeos.
2947 1984 3146 2053 Spiritu
3173 1982 3276 2037 leni
3307 1980 3416 2035 afﬁ-

1890 2085 2027 2140 citur
2052 2093 2108 2137 ut
2132 2081 2419 2152 plurimum
2452 2079 2665 2149 quando
2690 2077 2842 2131 initio
2875 2075 3021 2129 vocis
3047 2074 3188 2142 jacet
3223 2072 3275 2124 in
3304 2069 3413 2124 fra-

1890 2173 2115 2243 gmentis
2140 2181 2374 2226 veterum
2419 2170 2763 2238 interpretum
2796 2180 2913 2234 quae
2943 2169 3260 2233 supersunt:
3295 2161 3416 2229 qui-

1888 2265 1990 2319 bus
2017 2273 2193 2318 tamen
2221 2278 2329 2316 non
2358 2262 2511 2330 plena
2540 2260 2669 2314 ﬁdes
2709 2255 2969 2317 habenda,
3002 2261 3061 2308 ut
3088 2252 3318 2307 diximus
3347 2250 3415 2304 ad

1888 2353 2117 2408 litteram
2144 2363 2204 2412 Π.
2233 2348 2587 2419 Hieronymus
2613 2348 2728 2400 sine
2760 2345 2990 2414 aspirata
3039 2342 3232 2412 saepius
3258 2359 3273 2395 :
3307 2340 3415 2394 ali-

1888 2441 2100 2512 quando
2129 2444 2300 2494 tamen
2329 2452 2449 2493 cum
2482 2435 2713 2504 aspirata
2752 2434 2894 2503 legit.
2927 2430 3064 2485 LXX
3093 2430 3414 2499 quandoque

1889 2547 2009 2587 eum
2048 2549 2087 2600 τ
2123 2538 2182 2583 ιιι
2226 2528 2343 2582 Γαί.
2394 2524 2692 2593 Aliquando
2741 2538 2862 2577 cum
2908 2540 2965 2590 χ,
3014 2529 3074 2575 ut
3108 2519 3269 2573 Amos
3293 2534 3332 2582 ι,
3358 2517 3412 2580 5,

1886 2628 1995 2706 rm,
2048 2619 2212 2682 Eden,
2256 2617 2345 2672 ubi
2382 2614 2522 2669 LXX
2564 2615 2744 2706 legunt
2776 2622 2896 2700 τήν,
2930 2620 2983 2664 et
3023 2617 3232 2706 vertunt
3270 2610 3416 2678 Χαρ-

1890 2697 2006 2778 βάν.
2036 2706 2137 2762 Ubi
2162 2706 2553 2776 Hieronymus:
2594 2701 2660 2757 In
2687 2719 2743 2756 eo
2788 2697 2974 2771 quippe
3017 2698 3149 2764 loco,
3181 2697 3268 2752 ubi
3322 2712 3412 2749 nos

1887 2800 2132 2861 diximus,
2153 2808 2255 2852 etc.
2288 2794 2421 2849 Vide
2458 2795 2509 2846 in
2540 2800 2668 2847 nota
2698 2792 2826 2846 ibid.

1954 2896 2030 2950 τω
2051 2887 2144 2941 Pe.
2175 2885 2437 2939 Eusebius
2460 2892 2512 2938 et
2533 2899 2636 2937 ms.
2662 2880 2770 2935 Jes.
2800 2880 2894 2947 φῆ,
2921 2876 3254 2947 alphabetum
3279 2874 3416 2942 Mur;

1888 2972 2111 3026 bacense
2164 2987 2246 3029 ne.
2298 2968 2513 3023 Veteres
2567 2982 2750 3021 omnes
2794 2967 3106 3034 interpretes
3149 2971 3187 3023 Ξ
3223 2978 3315 3031 per
3369 2978 3411 3028 φ

1889 3077 2098 3132 semper
2134 3059 2377 3115 eﬂ'erunt.
2410 3058 2604 3126 Aitque
2648 3056 3001 3124 Hieronymus
3043 3053 3325 3107 Comment.
3357 3052 3413 3102 in

1890 3151 2107 3216 Isaiam,
2137 3159 2264 3205 tom.
2295 3148 2392 3204 Ill:
2427 3147 2473 3200 P
2505 3146 2734 3200 litteram
2779 3160 2945 3198 sermo
2988 3142 3276 3196 Hebraicus
3305 3157 3407 3194 non

1888 3241 2068 3307 habet;
2094 3241 2182 3295 sed
2209 3254 2301 3307 pro
2327 3255 2388 3293 ea
2421 3252 2504 3292 PII
2527 3236 2705 3291 Graeco
2730 3235 2916 3288 utitur.
2943 3231 3010 3286 Et
3042 3230 3326 3285 Comment.
3357 3231 3410 3280 ἰιι

1889 3329 2173 3394 Danielem,
2199 3343 2317 3397 cap.
2366 3344 2438 3391 xi,
2473 3326 2505 3394 9
2545 3325 2633 3391 35,
2681 3324 2808 3379 dicit
2852 3323 2903 3376 in
2941 3322 3053 3377 sola
3089 3335 3218 3376 voce
3256 3329 3413 3380 mnu

1888 3420 1988 3490 legi
2019 3432 2250 3483 nemo;
2285 3417 2339 3471 in
2372 3416 2491 3470 aliis
2518 3430 2612 3484 per
2641 3430 2678 3482 φ
2708 3427 2934 3481 semper.
3315 3445 3319 3450 ε

1953 3516 2045 3564 me
2075 3506 2258 3558 Tsade.
2302 3502 2495 3557 Euseb.
2527 3511 2579 3555 et
2613 3516 2712 3555 ms.
2746 3498 2854 3554 Jes.
2893 3498 3044 3568 σάδη,
3073 3496 3409 3566 alphabetum

1888 3596 2233 3651 Murbacense
2257 3609 2403 3648 sane.
2435 3592 2632 3645 Omnes
2676 3591 2987 3657 interpretes
3027 3603 3119 3656 per
3150 3604 3181 3639 σ
3208 3587 3408 3656 legunt.

1956 3696 2054 3772 ειη)
2076 3686 2277 3752 Quopfi.
2316 3682 2578 3737 Eusebius
2607 3688 2660 3751 et
2702 3695 2803 3734 ms.
2842 3678 2950 3733 Jes.
2994 3676 3148 3745 Κώφ,
3199 3676 3412 3730 Murba-

1889 3765 2046 3830 cense
2073 3774 2406 3843 alphabetum
2432 3785 2586 3826 sora.
2621 3768 2837 3823 Veteres
2879 3781 2972 3835 per
3007 3784 3043 3819 κ
3086 3765 3407 3832 exprimunt.

1891 3864 1948 3918 Si
1979 3878 2132 3918 secus
2175 3860 2458 3926 aliquando
2486 3859 2643 3927 reddi
2679 3858 3007 3919 observetur,
3036 3853 3278 3907 videlicet
3318 3866 3412 3920 per

1889 3970 1948 4021 χ,
1977 3958 2105 4018 puto
2138 3950 2188 4002 id
2222 3948 2560 4002 librariorum
2583 3944 2861 4000 oscitantia
2883 3941 3169 3995 accidisse.

1955 4048 2067 4097 ιβ’-1
2094 4036 2272 4091 Rescli.
2323 4035 2585 4090 Eusebius
2625 4041 2677 4087 et
2705 4047 2805 4086 ms.
2847 4029 2954 4085 Jes.
2991 4028 3135 4098 Ῥής,
3183 4027 3406 4096 Alphab.

1888 4127 2123 4182 Hurbac.
2152 4141 2267 4180 nes.
2287 4150 2291 4159 ν

1952 4226 2047 4303 ru:
2066 4214 2241 4270 Schin.
2275 4212 2535 4303 Eusebius
2554 4219 2607 4266 et
2634 4225 2734 4264 ms.
2757 4207 2863 4263 Jes.
2896 4206 3004 4272 σέν,
3032 4205 3239 4274 alphab.
3281 4193 3419 4258 Mur:

1889 4296 2008 4361 hac.
2044 4306 2166 4359 item
2196 4319 2310 4357 seu.
2346 4300 2564 4357 Veteres
2592 4314 2799 4367 semper
2822 4312 2864 4350 σ
2888 4298 3066 4368 legunt
3087 4296 3197 4351 sive
3229 4296 3412 4350 dextro

1891 4396 2002 4449 sive
2038 4394 2255 4449 sinistro
2279 4402 2473 4461 puncto
2509 4393 2580 4446 sit
2612 4391 2922 4445 notandum.

228 4472 407 4537 betum
430 4484 787 4540 Murbacense
804 4499 1040 4538 suam.
1060 4481 1265 4538 Omnes
1286 4499 1412 4537 vero
1430 4485 1607 4552 legunt
1622 4501 1713 4555 per
1727 4499 1790 4541 σ.

1961 4493 2024 4542 ἰη
2059 4482 2189 4536 Tau.
2223 4482 2447 4550 Alphab.
2481 4472 2713 4535 hlurbac.
2749 4480 2905 4534 habet
2941 4481 3105 4535 eriam
3148 4494 3284 4536 nu:
3319 4477 3411 4531 sed

1894 4574 2153 4629 Eusebius
2184 4581 2238 4626 et
2267 4586 2366 4625 ms.
2395 4569 2503 4625 Jes.
2529 4570 2661 4633 Θαῦ,
2693 4569 2862 4624 Thau.
2902 4568 3112 4624 Veteres
3146 4582 3353 4636 semper
3377 4568 3413 4620 θ

1891 4664 2135 4728 reddunt,
2165 4676 2267 4716 non
2295 4678 2346 4714 τ.

2234 4750 2320 4805 γι.
2345 4749 2419 4803 De
2439 4750 2692 4803 vocalibus
2718 4749 3065 4803 llebrworum.

1959 4839 2111 4905 Quod
2145 4838 2207 4892 ad
2234 4838 2446 4891 vocales
2472 4847 2646 4891 autem
2675 4835 3013 4890 Hebraeorum
3044 4834 3249 4899 attinet,
3277 4833 3414 4887 inter

1891 4934 2076 4988 doctos
2103 4931 2425 4999 disputatum
2455 4939 2535 4984 est
2566 4944 2692 4982 num
2741 4928 2926 4981 littere
2961 4932 3118 4988 smn
3149 4924 3411 4979 vocalium

1891 5023 2016 5077 olim
2044 5020 2215 5076 oﬂicio
2251 5019 2614 5088 fungerentur,
2641 5024 2696 5069 ut
2726 5014 3014 5069 credidisse
3054 5014 3261 5067 videtur
3290 5012 3414 5066 llic-

1891 5126 2172 5181 ronymus;
2199 5125 2267 5163 an
2305 5106 2649 5164 consonantis
2691 5104 2859 5159 vicem
2900 5103 3174 5168 haberent,
3223 5114 3281 5156 ut
3323 5102 3414 5156 do-
3490 5158 3503 5173 ο

1893 5212 2013 5254 cent
2041 5199 2276 5268 plerique
2312 5197 2552 5252 hodierni
2582 5194 2699 5249 viri.
2741 5193 2878 5249 Sane
2908 5193 2955 5249 si
2992 5195 3073 5248 ha:
3104 5194 3289 5246 littera:
3321 5205 3413 5243 vo-

1893 5289 2082 5343 calium
2107 5303 2260 5341 usum
2294 5287 2591 5348 habuerint,
2618 5298 2833 5338 necesse
2857 5299 3075 5353 prorsus
3099 5281 3256 5336 fuerit
3281 5280 3414 5334 alias

1894 5393 2055 5447 penes
2088 5375 2333 5429 Hebraeos
2369 5373 2533 5428 fuisse
2570 5373 2798 5436 vocales,
2832 5389 2949 5442 que
2980 5372 3103 5426 licet
3138 5385 3242 5424 non
3269 5377 3412 5422 nota-

1896 5475 2079 5520 rentur
2107 5467 2159 5519 in
2189 5466 2355 5528 libris,
2386 5479 2448 5517 ex
2476 5464 2859 5517 consuetudine
2891 5472 3061 5515 tamen
3090 5471 3410 5527 usurparen-

1896 5564 2000 5608 tur.
2031 5553 2163 5606 Cum
2210 5551 2352 5606 enim
2394 5551 2538 5604 nulla
2575 5566 2698 5615 vox,
2741 5551 2941 5605 nullum
2990 5551 3203 5603 verbum
3244 5545 3408 5609 possit

224 5650 324 5714 ii,
367 5653 451 5715 ἀλ,
498 5636 590 5714 ⁸η.
645 5642 869 5698 Psalm.
923 5644 1139 5692 LXXIV,
1194 5629 1249 5689 ι,
1307 5630 1518 5700 sponsa,
1575 5647 1792 5705 manu};

1899 5644 2011 5697 sine
2040 5640 2206 5695 vocati
2227 5639 2582 5710 pronuntiari,
2606 5649 2657 5696 et
2676 5640 2970 5698 innumerae
2998 5636 3135 5707 apud
3161 5630 3407 5684 Hebraeos

272 5734 320 5804 (’)
367 5739 573 5797 ηευηυί
615 5725 894 5790 moderni
934 5716 1196 5774 scribunt
1225 5725 1274 5769 et
1299 5720 1562 5785 proiciunt
1586 5744 1826 5799 omnes,
1862 5723 1992 5791 run.
2028 5730 2203 5784 ΒιιΑςιι
