3878 6348
589 400 656 452 55

1911 389 2425 446 ΡΒᾹΞΙᾸΜΙΝΔΒΙᾹ

590 512 898 581 Scripturis,
928 518 1070 578 gesta
1103 516 1245 561 sunt.
1276 506 1400 563 flare
1429 514 1606 562 autem
1626 506 1953 570 συνοπτικῶς
1978 522 2103 576 pro-
2133 513 2179 569 Α
2206 504 2403 561 rissimi
2430 502 2791 573 perhibentur.
2819 501 3009 557 Postea
3048 500 3116 556 de
3156 506 3312 553 recta
3342 506 3583 549 morum
3622 489 3712 581 in:

588 603 829 656 ferimus.

659 690 951 745 Demetrius
974 686 1282 753 Phalereus,
1310 688 1644 743 bibliotheca:
1674 686 1943 741 Ptolemaei
1967 687 2109 740 Phil-

588 781 813 847 adelphi,
845 776 1058 847 Egypti
1094 778 1252 846 regis,
1281 776 1580 846 praefectus,
1606 774 1923 845 conquisitis
1952 776 2110 828 undi-

587 884 689 934 que
713 866 881 931 libris,
919 880 1036 919 eam
1070 882 1237 935 usque
1265 867 1398 919 adeo
1439 876 1680 931 auxerat,
1720 874 1779 919 ut
1826 866 2108 934 plusquam

583 957 811 1008 ducenta
857 955 1190 1009 voluminum
1243 955 1403 1008 millia
1454 956 1909 1023 complecteretur.
1959 952 2113 1018 Quod

583 1059 701 1096 cum
732 1043 1024 1097 sciscitanti
1062 1045 1193 1112 regi,
1239 1055 1495 1111 prtesente
1524 1054 1635 1097 tum
1655 1044 1884 1105 Aristea,
1917 1056 2112 1094 renun-

582 1130 759 1193 tiaret,
789 1130 1307 1197 adjeciteﬁ‘ecturum
1338 1148 1395 1187 se
1427 1141 1485 1185 ut
1521 1131 1666 1185 brevi
1718 1129 1783 1183 ad
1825 1130 2112 1199 quingenta

582 1220 749 1272 millia
768 1221 1021 1273 librorum
1052 1236 1303 1274 numerus
1325 1222 1666 1290 pertingeret,
1713 1220 1889 1287 aitque
1905 1234 1962 1273 se
1985 1234 2113 1272 nar-

582 1317 704 1363 ratu
735 1310 1086 1377 quorumdam
1126 1311 1479 1377 comperisse,
1512 1308 1817 1363 Judaeorum
1852 1310 1993 1376 leges
2034 1308 2116 1361 di-

582 1415 714 1468 gnas
733 1415 848 1454 esse
869 1416 987 1467 qua:
1010 1401 1061 1453 in
1079 1400 1193 1468 ejus
1213 1402 1525 1455 bibliotheca
1541 1412 1941 1470 reponerentur,
1961 1400 2115 1454 dum~

589 1488 750 1540 modo
781 1502 845 1541 ex
875 1485 1091 1556 Syriaca
1125 1488 1302 1555 lingua
1335 1488 1442 1555 (ita
1489 1490 1751 1541 vocabant
1795 1488 1987 1551 multi,
2021 1488 2113 1541 sed

584 1577 652 1630 iis
679 1584 937 1644 repugnat
969 1575 1304 1643 Demetrius)
1336 1592 1438 1643 qua
1471 1576 1773 1644 conscripta
1818 1583 1970 1629 erant
1994 1614 2010 1639 ,
2059 1574 2117 1627 in

584 1665 819 1721 Graecam
852 1675 1303 1721 converterentur.
1323 1666 1428 1722 Nec
1456 1683 1624 1729 mora,
1664 1683 1755 1721 rex
1794 1668 2025 1722 decrevit
2049 1667 2119 1721 ad

585 1772 856 1812 summum
914 1757 1215 1824 pontiﬁcem
1272 1759 1525 1820 scribere,
1575 1766 1633 1810 ut
1674 1772 1792 1825 qua:
1841 1758 1894 1809 in
1922 1756 2116 1825 optatis

2205 597 2429 659 tutione,
2451 595 2515 649 de
2544 594 2773 647 vanitate
2798 593 3017 646 deorum
3047 590 3376 659 gentilium,
3407 584 3480 637 de
3518 580 3669 646 legis
3696 578 3712 629 Ε

2207 691 2362 742 saicae
2407 683 2709 753 praestantia
2769 682 3195 746 excellentiaque
3266 675 3445 727 multa
3531 670 3712 723 edissr

2207 778 2512 829 Eleazarus.
2545 772 2679 826 llinc
2710 772 2889 825 oblato
2922 768 3192 825 sacriﬁcio
3224 773 3493 818 oratores
3524 799 3541 823 ,
3595 768 3657 811 et
3697 773 3714 809 ι

2208 866 2392 921 LXXII
2422 883 2450 918 a
2480 879 2536 918 se
2566 863 2796 917 delectos
2818 862 2961 914 viros
2989 875 3113 913 cum
3136 856 3343 909 litteris
3374 851 3447 905 ad
3478 863 3682 917 regem

2209 957 2389 1010 mittit.
2420 954 2552 1018 Rex,
2574 955 2661 1024 qui
2696 962 2948 1007 venturos
2979 946 3363 1017 exspectabat,
3400 940 3647 995 eosdem
3680 952 3714 1004 p

2211 1045 2512 1098 humaniter
2542 1044 2765 1112 excepit,
2788 1042 2976 1096 deinde
3006 1037 3285 1094 exhibitas
3332 1032 3448 1086 sibi
3508 1027 3707 1083 ntemb

2211 1151 2306 1189 nas
2336 1136 2424 1188 ubi
2459 1136 2539 1188 lex
2588 1135 2762 1187 aureis
2791 1132 2980 1185 litteris
3029 1127 3310 1194 descripta
3363 1129 3520 1183 erat.
3569 1133 3716 1171 "ene

2211 1225 2420 1277 buudus
2447 1225 2641 1292 septies
2672 1222 2931 1284 adoravit,
2959 1234 3022 1272 ac
3055 1233 3165 1286 pra:
3198 1213 3409 1283 gaudio
3449 1212 3715 1277 lacryma

2211 1323 2323 1379 est;
2357 1321 2411 1367 et
2434 1314 2559 1382 quia
2592 1314 2776 1366 eodem
2810 1321 3045 1378 tempore
3077 1305 3312 1359 victoria
3346 1300 3546 1354 navali
3602 1299 3711 1350 adv

2212 1420 2304 1459 sus
2333 1403 2654 1472 Antigonum
2687 1403 2887 1472 potitus
2921 1410 3055 1462 erat,
3109 1412 3233 1450 eum
3292 1393 3404 1449 sibi
3456 1391 3618 1444 diem
3659 1403 3718 1441 sc

2213 1509 2384 1547 mnem
2411 1503 2460 1547 et
2483 1493 2712 1546 faustum
2742 1490 3027 1561 quotannis
3052 1488 3167 1541 fore
3198 1482 3593 1543 denuntiavit,
3625 1481 3714 1532 vir

2214 1603 2319 1655 que
2370 1586 2554 1639 eodem
2600 1584 2715 1652 ipso
2768 1583 2851 1636 die
2894 1581 2959 1634 ad
2992 1580 3197 1632 lautam
3230 1590 3462 1631 cumam
3520 1572 3718 1626 invita'

2214 1676 2600 1730 Accumbentes
2634 1687 2813 1726 secum
2845 1685 2997 1724 senes
3039 1666 3206 1719 variis
3257 1664 3330 1717 ad
3387 1662 3575 1716 vitam
3646 1661 3718 1713 in:

2217 1767 2466 1821 tuendam
2534 1775 2862 1831 regnumque
2928 1754 3320 1813 moderandum
3381 1750 3720 1821 qumstionil

585 1856 739 1901 erant
774 1858 1166 1915 assequerelur-
1192 1847 1325 1901 Tum
1356 1848 1591 1901 Ανίδιεθε
1614 1863 1674 1901 ea
1702 1847 1766 1899 de
1792 1846 1986 1916 (ἱυῖυυε
2004 1846 2113 1913 iam
2151 1840 2189 1893 Β
2214 1865 2483 1927 provocat,
2513 1867 2737 1921 quarum
2762 1849 2983 1919 singulis
3010 1863 3168 1902 senes
3189 1861 3287 1914 per
3319 1843 3598 1897 ordinem
3636 1841 3720 1894 int

587 1936 857 1993 Sosibium
886 1937 1228 1992 Tarentinum
1257 1946 1310 1991 et
1335 1938 1598 1990 Andream
1646 1937 1910 2005 regiorum
1940 1946 2120 1989 custo-

585 2030 712 2083 dum
745 2023 1008 2096 principes
1033 2029 1294 2083 allocutus
1342 2043 1478 2096 sazpe
1514 2027 1726 2091 fuerat,
1759 2027 1869 2097 regi
1908 2027 2117 2095 aperit;

584 2118 839 2171 nimirum
871 2134 969 2186 par
998 2134 1115 2172 esse
1144 2128 1201 2172 ut
1222 2119 1486 2173 missurus
1517 2118 1582 2170 ad
1604 2131 1874 2170 Summum
1899 2116 2115 2185 pontiﬁ-

585 2222 701 2260 cem
726 2208 927 2277 legatos
960 2207 1050 2275 qui
1076 2206 1379 2260 Judaeorum
1414 2208 1579 2259 libros
1601 2206 1870 2269 afferrent,
1906 2204 2120 2259 Judaaos

586 2311 793 2357 omnes,
818 2295 907 2362 qui
949 2311 979 2349 a
1030 2304 1181 2363 patre
1209 2294 1378 2363 ipsius
1403 2294 1457 2347 in
1495 2293 1853 2362 captivitatem
1909 2290 2120 2344 abducti

588 2384 838 2449 fuerant,
884 2386 1081 2439 liberos
1126 2386 1365 2439 remittat
1394 2383 1447 2436 in
1480 2383 1727 2452 patriam.
1771 2381 2123 2436 Percontatus

590 2490 683 2528 rex
716 2483 846 2543 quot
868 2474 1173 2528 Iudaeorum
1208 2474 1374 2527 millia
1400 2474 1453 2526 in
1492 2471 1721 2542 JEgypto
1759 2471 2001 2527 servituti
2030 2469 2125 2523 ad-

591 2565 730 2618 dicta
762 2572 974 2627 essent,
1028 2564 1149 2632 plus
1204 2578 1364 2631 quam
1391 2570 1601 2615 centum
1630 2562 1792 2614 millia
1825 2575 1962 2625 esse,
1989 2559 2123 2612 refe-

588 2669 740 2711 rente
763 2658 993 2718 Andrea,
1019 2654 1239 2708 audivit.
1273 2652 1407 2706 Hinc
1435 2667 1692 2705 converso
1723 2652 1776 2704 in
1802 2651 2123 2704 hilaritatem

589 2746 745 2801 vultu
769 2760 863 2799 rex
890 2745 1052 2813 jussit
1076 2745 1270 2801 liberos
1297 2742 1489 2796 dimitti
1538 2740 1748 2796 Judazos
1776 2755 1981 2806 omnes,
2013 2750 2123 2794 tum

593 2850 691 2890 eos
712 2835 806 2903 qui
836 2850 866 2888 a
904 2844 1056 2903 patre
1086 2834 1290 2903 ipsius,
1332 2843 1444 2887 tum
1477 2833 1634 2887 etiam
1668 2833 1800 2886 alios
1827 2832 1918 2900 qui
1970 2839 2128 2885 antea

590 2926 646 2980 in
670 2924 976 2978 servitutem
1003 2924 1216 2978 abducti
1232 2922 1460 2987 fuerant,
1489 2921 1730 2991 tradique
1754 2922 2003 2986 dominis,
2031 2922 2126 2990 qui

592 3015 900 3083 hujusmodi
931 3013 1196 3068 famulitio
1234 3014 1537 3075 utebantur,
1569 3027 1666 3080 pro
1687 3012 1912 3081 singulis
1934 3012 2126 3081 capiti-

593 3104 695 3157 bus
724 3102 907 3170 viginti
942 3102 1244 3157 drachmas.
1278 3100 1499 3156 Summa
1522 3116 1680 3171 porro
1706 3098 1838 3169 regii
1885 3102 2124 3157 muneris

592 3192 689 3247 fuit
719 3192 821 3247 660
850 3192 1184 3246 talentorum.

664 3282 963 3337 Demetrius
983 3281 1270 3337 Phalereus
1285 3292 1465 3352 postea
1495 3283 1729 3337 libellum
1751 3288 1843 3337 dat
1867 3283 1997 3353 regi,
2014 3297 2122 3351 quo

595 3382 784 3428 auctor
813 3383 893 3428 est
924 3382 980 3427 ut
1012 3382 1154 3442 petat
1185 3388 1216 3427 a
1246 3389 1456 3428 summo
1508 3371 1813 3428 Iudaeorum
1847 3375 2123 3429 sacerdote

596 3461 848 3515 Eleazaro
880 3477 971 3515 sex
999 3477 1064 3515 ex
1093 3476 1305 3530 quaque
1331 3461 1472 3515 tribu
1514 3476 1689 3526 senes,
1722 3463 2000 3515 honestate
2042 3460 2123 3515 vi-

595 3561 663 3604 ta:
695 3560 748 3605 et
769 3550 955 3618 peritia
983 3552 1151 3620 legum
1179 3558 1509 3619 prazstantes,
1535 3558 1596 3604 ut
1616 3550 1846 3619 plurium
1868 3550 2124 3618 interpre-

598 3641 730 3693 tatio
753 3642 855 3693 lide
883 3641 1091 3709 dignior
1119 3641 1400 3695 habeatur.
1433 3640 1542 3694 ilex
1568 3648 1806 3693 oratores
1832 3639 1993 3693 mittit
2013 3640 2123 3692 An-

596 3728 780 3782 dream
812 3736 867 3782 et
893 3729 1155 3783 Aristeam
1205 3738 1447 3782 nostrum
1496 3742 1619 3781 cum
1666 3726 2123 3797 praestantissimis

595 3818 930 3882 muneribus,
964 3833 1082 3885 quae
1121 3817 1314 3871 ibidem
1343 3826 1706 3879 recensentur,
1733 3827 1787 3871 et
1813 3817 2003 3872 litteris
2039 3834 2125 3872 re.

596 3903 718 3972 giis,
746 3903 833 3956 ubi
861 3906 926 3956 de
953 3902 1149 3959 Judazis
1174 3920 1204 3957 a
1231 3905 1486 3958 servitute
1522 3905 1807 3973 redemptis
1827 3944 1842 3969 ,
1893 3906 1959 3959 de
1998 3906 2123 3959 mit-

598 3993 771 4049 tendis
791 3995 857 4048 ad
888 3994 1377 4062 interpretationem
1416 3994 1703 4062 Scriptura:
1730 3997 1949 4050 senibus
1970 4037 1984 4059 ,
2026 3996 2121 4049 de-

598 4099 702 4146 que
735 4084 915 4137 missis
948 4084 1261 4136 muneribus
1287 4084 1480 4151 agitur.
1522 4082 1629 4138 Has
1676 4084 1879 4138 litteras
1929 4084 2124 4151 excipit

598 4174 818 4243 epistola
843 4171 1081 4225 Eleazari
1115 4171 1182 4222 ad
1226 4169 1564 4223 Ptolemaeum
1595 4209 1610 4234 ,
1663 4170 1754 4223 ubi
1805 4170 1860 4223 iu
1897 4171 2122 4238 gratiam

599 4261 978 4317 beneﬁciorum
1011 4260 1181 4311 fausta
1216 4258 1325 4326 regi
1351 4258 1681 4326 Arsinoeque
1715 4259 1868 4311 uxori
1911 4268 1965 4313 et
1999 4260 2122 4316 ﬁliis

601 4359 934 4421 apprecatur,
957 4358 1010 4403 et
1035 4365 1097 4402 ex
1125 4349 1348 4417 singulis
1377 4349 1618 4402 tribubus
1640 4364 1794 4403 senes
1829 4365 1920 4405 sex
1956 4352 2122 4407 inter-

2148 3147 2193 3209 C

2217 1947 2382 2015 rogati
2424 1942 2815 2012 sapientissime
2866 1938 3300 2006 responderunt,
3340 1936 3426 1987 ita
3465 1941 3534 1985 ut
3591 1937 3719 1999 sept

2217 2036 2419 2090 dierum
2447 2032 2636 2099 spatio,
2674 2029 2896 2098 repetito
2941 2028 3128 2092 eodem
3157 2038 3334 2078 cmnm
3372 2036 3566 2086 more,
3608 2019 3720 2073 LX?

2218 2140 2401 2179 senmn
2426 2120 2729 2190 singulatim
2753 2117 3044 2172 sententias
3069 2113 3351 2181 exceperit
3369 2153 3386 2175 ,
3422 2127 3497 2165 ac
3525 2110 3722 2179 cujusr

2217 2215 2416 2268 dictum
2447 2210 2693 2265 laudibus
2721 2206 3025 2271 celebrarit,
3056 2204 3398 2272 demumque
3433 2201 3686 2271 singulis

2219 2303 2357 2355 lenta
2390 2300 2487 2354 tria
2517 2299 2656 2352 dono
2687 2294 2956 2349 obtulerit.

2289 2394 2479 2461 Elapso
2503 2399 2622 2459 post
2646 2385 2885 2441 convivia
2913 2383 3114 2445 triduo,
3150 2396 3313 2435 senes
3345 2396 3379 2434 a
3408 2378 3708 2433 Demetrio

2222 2482 2518 2551 proximam
2544 2466 2787 2535 insulam
2836 2474 3218 2535 deducuntur,
3269 2479 3328 2523 et
3383 2469 3448 2521 in
3511 2467 3714 2534 splend

2221 2574 2378 2626 domo
2403 2569 2583 2634 locati,
2618 2564 2851 2635 quotidie
2882 2563 2945 2616 ad
2976 2575 3173 2614 nonam
3199 2572 3384 2626 usque
3429 2558 3639 2610 horam
3669 2556 3723 2608 le

2223 2658 2638 2731 interpretationi
2658 2656 2854 2710 dabant
2874 2666 3111 2721 operam,
3134 2648 3424 2703 Demetrio
3460 2648 3670 2701 scribae
3691 2663 3724 2699 η

2223 2767 2348 2807 nere
2388 2752 2660 2818 fungente.
2711 2748 2885 2812 Atque
2931 2742 3094 2795 etiam
3152 2738 3410 2808 quotidie.
3463 2739 3610 2791 bene
3646 2753 3724 2790 tn:

2223 2840 2499 2896 veniebant
2531 2838 2584 2891 in
2609 2836 2808 2897 aulam,
2833 2841 2885 2887 et
2908 2832 3148 2886 salutato
3177 2844 3307 2897 rege
3342 2829 3620 2882 redibant
3643 2828 3701 2880 in

2225 2946 2343 2987 cum
2378 2944 2555 2984 suum.
2585 2927 2779 2993 Sicque
2804 2923 3010 2977 collatis
3057 2920 3484 2989 exemplaribus
3516 2959 3533 2984 ,
3584 2933 3726 2984 unae

2226 3017 2552 3090 congregati,
2582 3013 2913 3084 septuaginta
2950 3011 3181 3065 duorum
3219 3011 3452 3063 dierum
3487 3008 3676 3078 spatio
3721 3008 3726 3057 i

2227 3106 2650 3176 terpretationem
2674 3102 2973 3155 absolvunt.
3025 3098 3334 3153 Demetrius
3385 3106 3573 3152 totam
3636 3098 3725 3149 int

2222 3193 2794 3270 pretationem'ludazis
2822 3191 3072 3245 omnibus
3098 3198 3210 3243 tum
3236 3191 3636 3259 praesentibus
3666 3207 3726 3244 re

2223 3290 2379 3352 tavit,
2427 3286 2519 3356 qui
2572 3283 2797 3338 summis
2825 3295 2944 3333 eam
2994 3279 3245 3332 laudibus
3298 3282 3604 3347 prosecuti
3655 3296 3721 3335 su

2224 3379 2358 3433 Tum
2382 3377 2620 3432 omnium
2652 3386 2937 3433 consensu,
2970 3368 3232 3423 suadente
3269 3368 3575 3426 Demetrio
3602 3412 3619 3437 ,
3655 3372 3728 3424 diu

2225 3467 2494 3539 imprecati
2517 3473 2643 3519 sunt
2667 3464 2735 3517 iis
2764 3463 2854 3532 qui
2885 3462 3011 3515 huic
3046 3460 3286 3514 versioni
3318 3461 3549 3530 aliquid
3581 3462 3723 3517 adde

2224 3561 2305 3614 vel
2334 3559 2566 3621 demere,
2595 3555 2678 3610 vel
2709 3553 2764 3606 in
2792 3567 2854 3607 ea
2902 3549 3178 3620 quidpiam
3233 3551 3558 3607 immutare
3613 3568 3727 3607 ausi

2223 3663 2373 3704 essen
2381 3655 2420 3701 t.

2296 3736 2444 3801 Rex,
2478 3734 2655 3790 fausto
2706 3731 2784 3787 rei
2837 3730 2984 3785 exitu
3014 3730 3191 3790 laetus,
3222 3737 3279 3781 et
3312 3739 3459 3798 post
3508 3731 3728 3786 lection.

2224 3826 2537 3896 legislatoris
2564 3823 2877 3893 sapientiam
2935 3820 3264 3882 admiratus,
3321 3821 3667 3877 sciscitatur
3711 3838 3728 3876 ‹

2224 3924 2391 3986 poeta:
2420 3926 2472 3969 et
2502 3911 2913 3981 historiograpbi
2941 3910 3140 3964 nullam
3171 3909 3307 3961 tanti
3334 3912 3539 3977 operis
3576 3921 3728 3966 ment

2224 4023 2345 4060 nem
2379 4006 2619 4060 fecerint.
2659 4002 2963 4071 Respondet
3012 3998 3317 4052 Demetrius
3372 4003 3728 4057 sanctissima

2224 4096 2391 4164 legem
2416 4108 2520 4146 non
2551 4093 2786 4161 potuisse
2803 4091 2918 4145 sine
2946 4088 3181 4162 periculo
3210 4088 3266 4139 in
3304 4090 3556 4159 scriptis
3589 4104 3727 4148 exte:

2225 4198 2342 4235 rum
2370 4180 2637 4249 usurpari.
2676 4178 3071 4247 Theopompum
3099 4174 3242 4228 enim
3278 4184 3340 4229 et
3386 4176 3727 4237 Theodecte

2225 4270 2315 4339 qui
2346 4270 2397 4323 id
2422 4267 2657 4337 aggressi
2702 4260 2933 4331 fuerant,
2983 4264 3237 4318 divinitus
3269 4264 3566 4324 immissis
3625 4286 3722 4340 pce

2225 4359 2487 4414 coercitos
2516 4357 2699 4411 fuisse.
2731 4355 2824 4410 llis
2852 4355 3049 4410 auditis
3072 4368 3165 4408 rex
3195 4352 3379 4423 legem
3403 4359 3689 4429 religiosa
3717 4378 3728 4399 ε

600 4438 872 4509 pretandis
896 4435 1184 4504 Scripturis
1233 4449 1291 4489 se
1342 4434 1550 4489 mittere
1589 4437 1882 4505 proﬁtetur.
1922 4437 2123 4495 Deinde
2153 4466 2196 4520 ι)
2227 4447 2497 4503 net-aliene
2516 4453 2829 4515 prosecutus
2855 4454 2956 4509 est,
2978 4457 3201 4511 eamque
3223 4442 3406 4510 jussit
3439 4463 3681 4504 summo
3701 4466 3727 4505 ε

602 4544 791 4585 senum
820 4526 1079 4593 cujusque
1109 4524 1280 4577 tribus
1304 4524 1521 4577 nomina
1568 4524 1889 4579 referuntur.
1945 4527 2125 4584 Dono-

600 4636 723 4675 rum
749 4626 929 4688 postea
958 4615 1128 4668 forma
1167 4616 1578 4684 praestantiaque
1613 4614 1731 4670 fuse
1780 4616 2122 4674 describitur.

604 4710 856 4777 Sequitur
885 4705 1123 4759 narratio
1148 4719 1332 4759 eorum
1362 4720 1481 4775 quae
1507 4704 1852 4775 Jcrosolymis
1887 4707 2125 4765 Aristeas

600 4800 997 4858 observaverat,
1027 4793 1481 4865 Jerosolymorum
1514 4808 1702 4863 nempe
1731 4796 1915 4861 situm,
1945 4798 2126 4865 templi

596 4885 1029 4955 Jerosolymitani
1056 4884 1305 4950 formam,
1336 4885 1673 4942 sacerdotum
1713 4885 1838 4940 item
1885 4887 2127 4941 ministe-

596 4980 764 5042 rium,
788 4975 1025 5030 Eleazari
1054 4975 1390 5031 sacerdotum
1418 4977 1675 5046 principis
1710 4991 1864 5031 sacra
1892 4984 2127 5032 tractan-

595 5071 667 5123 tis
703 5067 928 5131 cultum,
951 5066 1092 5120 arcis
1118 5065 1608 5138 Hierosolymitana:
1638 5067 1832 5132 situm,
1865 5066 2015 5123 urbis
2047 5076 2127 5124 ιο-

599 5159 707 5210 tius
742 5155 1022 5218 ambitum,
1054 5157 1164 5224 agri
1206 5165 1260 5211 et
1290 5157 1524 5227 regionis
1554 5156 1961 5222 fecunditatem,
2009 5157 2127 5213 fru-

599 5253 786 5297 ctuum
821 5242 1025 5310 copiam
1056 5254 1110 5297 et
1136 5246 1466 5300 varietatem.
1490 5245 1771 5301 Jordanem
1799 5245 2017 5300 ﬂuvium
2046 5248 2129 5302 in-

603 5343 714 5389 star
743 5331 847 5386 Nili
874 5332 1229 5387 exundantem
1268 5347 1540 5406 terrasque
1572 5336 1876 5405 irrigantem
1915 5338 2130 5394 exhibet

604 5424 865 5486 Aristeas,
896 5436 1063 5490 eaque
1089 5422 1143 5475 in
1173 5438 1229 5476 re
1252 5423 1370 5478 falsi
1400 5426 1639 5496 arguitur
1665 5441 1696 5479 a
1718 5425 1915 5479 multis.

675 5508 786 5561 Sub
817 5508 928 5562 bzec
957 5509 1023 5563 de
1051 5511 1266 5565 senibus
1292 5512 1356 5564 ab
1378 5511 1628 5567 Eleazaro
1655 5529 1717 5568 ex
1742 5528 1953 5583 quaque
1986 5516 2127 5571 tribu

605 5600 815 5655 selectis
841 5600 1014 5667 agitur
1044 5619 1056 5653 :
1089 5602 1142 5655 hi
1172 5602 1447 5671 utriusque
1496 5605 1707 5674 lingua},
1745 5602 2018 5659 Hebraica:
2041 5607 2127 5661 ni-

605 5690 799 5745 n-irum
827 5698 878 5744 ct
906 5687 1118 5757 Graecae,
1146 5690 1474 5761 peritissimi,
1498 5702 1550 5747 et
1572 5694 1743 5763 legum
1780 5694 1998 5752 scientia
2018 5695 2116 5753 cla-

2221 4538 2310 4592 dio
2355 4535 2638 4597 asservari,
2678 4549 2938 4603 senesque
2964 4531 3165 4600 rogavit
3201 4540 3262 4584 ut
3295 4532 3354 4585 in
3390 4547 3703 4601 posterum

2222 4624 2458 4679 crebrius
2483 4623 2843 4685 convenirent,
2870 4622 3116 4689 ipsosque
3137 4634 3261 4672 cum
3286 4618 3469 4678 donis
3492 4634 3551 4680 et
3577 4630 3728 4698 amp]

2222 4714 2373 4769 simis
2396 4713 2704 4767 muneribus
2727 4711 2977 4765 Eleazaro
3004 4723 3216 4763 summo
3247 4711 3524 4775 pontiﬁci
3554 4718 3728 4775 desii.

2223 4802 2310 4866 tis,
2337 4801 2552 4855 domum
2575 4800 2798 4854 remisit.

2289 4890 2368 4945 En
2394 4898 2558 4945 totam
2582 4890 2803 4943 Aristeas
2820 4898 2873 4942 et
2899 4884 3033 4941 LXX
3072 4883 3446 4952 interpretum
3469 4893 3721 4953 historia

2222 4983 2370 5037 Licet
2397 4990 2572 5037 autem
2611 4981 2736 5034 hinc
2764 4980 3007 5033 hausisse
3042 4984 3296 5044 putentur
3325 4993 3629 5054 quotquot
3660 4990 3715 5044 id

2222 5079 2591 5142 argumentum
2626 5076 3039 5140 pertractarunt,
3086 5075 3322 5122 attamen
3355 5071 3444 5129 illi
3510 5086 3638 5133 tum
3674 5098 3709 5136 a

2224 5171 2429 5224 mutuo,
2454 5170 2565 5214 tum
2590 5160 2661 5233 ab
2685 5158 2894 5212 Aristea
2920 5157 3029 5221 illo,
3063 5170 3222 5225 quem
3259 5160 3441 5216 modo
3469 5169 3710 5226 retulim

2223 5250 2447 5303 multum
2475 5247 2741 5302 differunt.

2224 5360 2291 5419 ll.
2324 5360 2461 5425 Quid
2480 5359 2542 5413 de
2564 5358 2660 5412 hac
2682 5355 2917 5425 Historia
2937 5356 3161 5409 dixerint
3178 5354 3538 5421 Aristobulus
3553 5376 3610 5423 ει
3636 5370 3722 5424 pl,

2868 5424 3107 5481 lauta-us.

2294 5516 2393 5583 Qui
2431 5515 2633 5585 primus
2657 5516 2879 5570 Aristeaa
2912 5513 3200 5571 Historiam
3231 5526 3597 5585 memoravit.
3626 5532 3728 5584 taci

2226 5618 2400 5662 tamen
2423 5605 2645 5660 Aristea:
2664 5605 2897 5669 nomine,
2920 5614 3004 5660 est
3036 5603 3400 5673 Aristobulus,
3441 5613 3517 5667 ab
3546 5613 3725 5673 Eusel

2227 5694 2541 5752 Cmsaricnsi
2580 5695 2771 5779 allatus
2799 5691 3016 5766 (Priap.
3064 5712 3243 5769 evang.
3285 5714 3344 5776 p.
3378 5699 3494 5760 664
3513 5701 3561 5776 ),
3601 5711 3705 5779 qui
