3878 6398
295 437 366 492 57

1534 457 1602 512 IN
1638 457 1953 513 HEXAPLA
1990 457 2331 515 ORlGENlS.

3420 470 3495 526 58

562 547 835 653 ξῐειπδῖείξε
858 548 1380 653 iﬂlerpretatione
1408 576 1561 646 jussu
1587 577 1853 633 Ptolemazi
1880 584 1927 638 Α
1954 586 2033 632 tes
2068 577 2239 647 quasi
2268 577 2478 632 divinos
2515 577 2759 637 homines
2804 584 3117 641 muneribus
3164 588 3493 653 cumulasse,

259 637 595 706 Philadelphi,
624 647 853 692 curante
876 637 1197 706 Demetrio
1225 637 1505 719 Phale'reo
1534 664 1704 727 facta,
1737 682 1855 721 επ-

250 734 393 810 ptim
423 732 660 825 loquitur.
707 730 874 825 Hunc
905 737 1165 803 quidam
1210 752 1328 807 sub
1358 754 1644 812 Ριοιεηιρεο
1676 757 1856 811 phita-

244 824 459 916 delpho,
491 823 667 892 plures
694 824 801 916 sub
832 824 1279 905 Philometore,
1313 845 1411 899 alii
1451 847 1551 901 sub
1577 849 1856 916 postremis

238 913 647 975 Ptolemaeorum
670 914 890 971 vixisse
919 921 1328 986 arbitrantur.
1386 932 1494 989 Nec
1519 913 1713 990 desunt
1766 937 1857 1005 qui

237 1015 534 1077 fragmenta
564 1006 879 1063 Aristobuli
914 1014 994 1068 ab
1022 1015 1287 1076 Eusebio
1318 1025 1502 1090 allata,
1524 1041 1587 1079 ex
1609 1026 1858 1092 operibus

235 1097 614 1166 suppositiliis,
637 1108 695 1151 et
712 1102 907 1167 prima
927 1104 1288 1166 Christianae
1313 1114 1389 1167 rei
1417 1124 1572 1168 aetate
1595 1113 1856 1181 confictis,

251 1198 524 1259 desumpta
551 1208 672 1247 esse
713 1204 948 1262 putent.

336 1281 476 1334 Philo
523 1279 748 1339 Judzeus
785 1287 846 1339 in
893 1288 1036 1345 Vita
1094 1295 1286 1360 Mosis,
1333 1297 1425 1352 lib.
1475 1311 1538 1364 ll‘,
1568 1298 1857 1355 Historiam

272 1369 403 1425 LXX
431 1371 784 1441 lnlerpretum
817 1392 1263 1446 commemorat,
1292 1400 1353 1438 ac
1386 1385 1560 1454 primo
1582 1387 1712 1440 dicit
1743 1385 1859 1440 Pto-

280 1464 501 1515 lemzrum
535 1461 1006 1534 Philadelphum,
1046 1487 1216 1540 quem
1242 1476 1465 1528 summis
1491 1475 1742 1530 laudibus
1774 1492 1859 1529 cx-

286 1550 424 1610 tollit,
449 1566 544 1619 pro
584 1554 1067 1623 interpretatione
1115 1563 1514 1630 Scripturarum
1543 1565 1854 1620 adornanda

293 1641 481 1694 misisse
508 1643 576 1696 ad
602 1659 899 1700 summum
922 1652 1269 1704 sacerdotem
1299 1663 1350 1706 et
1392 1669 1565 1720 regem
1610 1652 1811 1709 Judaxe
1837 1698 1851 1721 ,

290 1731 368 1798 qui
402 1749 538 1787 unus
580 1746 635 1801 et
688 1736 843 1790 idem
896 1749 1027 1792 erat
1059 1783 1073 1804 ,
1118 1742 1421 1811 Ἑξὲπεμπε
1459 1744 1591 1811 πρὸς
1631 1742 1728 1797 τὸν·
1756 1746 1855 1814 τῆς

296 1821 534 1885 Ἰουδαίας
564 1825 839 1897 ἀρχιερέα
875 1830 978 1882 καὶ
1010 1831 1251 1899 βασιλέα·
1295 1835 1322 1884 ὀ
1345 1833 1449 1901 γὰρ
1470 1833 1623 1895 αὐτὸς
1649 1829 1852 1902 iw.er

1956 668 2285 736 domumque
2318 667 2609 721 remisisse.
2635 670 2692 723 ln
2717 673 2789 725 rei
2830 673 2986 729 tidem
3017 674 3260 730 Justinus
3301 677 3493 733 testiﬁ-

1956 763 2110 811 catur
2146 771 2203 810 se
2227 756 2668 811 domuncularum
2694 760 2996 828 hujusmodi
3021 762 3211 820 rudera
3233 766 3288 819 in
3308 764 3492 821 Pharo

1956 847 2133 901 insula
2159 847 2288 915 ipsis
2316 850 2484 904 oculis
2506 852 2868 916 conspexisse,
2897 863 2949 907 et
2973 854 3039 907 ab
3069 855 3331 924 indigenis
3370 872 3493 926 quas

1961 937 2118 991 refert
2141 939 2425 1004 accepisse.
2448 940 2657 992 Clautlit
2676 939 2909 1003 demum,
2941 952 2992 995 et
3017 942 3267 999 lectorem
3295 947 3486 1000 remit-

1961 1026 2021 1079 tit
2046 1027 2108 1078 ad
2139 1027 2415 1081 Philonem
2447 1036 2498 1081 et
2530 1028 2595 1080 ad
2627 1025 2936 1096 Josephum,
2968 1031 3058 1083 ubi
3104 1039 3281 1086 tamen
3336 1034 3486 1087 nulla

1958 1114 2264 1167 cellularum
2298 1114 2514 1168 mentio.
2548 1113 2602 1166 ln
2633 1115 2866 1168 secunda
2891 1130 3018 1170 vero
3049 1132 3142 1184 pro
3166 1117 3484 1174 Christianis

1958 1203 2229 1272 Apologia,
2265 1205 2338 1256 ait
2358 1203 2697 1257 Ptolemaeum
2722 1220 2921 1273 regem,
2947 1219 3067 1259 cum
3101 1207 3266 1262 libros
3323 1211 3482 1264 undi.

1956 1309 2059 1362 que
2094 1294 2337 1362 parandae
2375 1295 2703 1349 bibliotheca:
2748 1295 3070 1364 comportari
3102 1304 3339 1362 curaret,
3372 1298 3486 1354 He—

1953 1382 2133 1433 rodem
2165 1396 2341 1450 regem
2374 1382 2661 1450 rogavisse,
2710 1382 2875 1436 libros
2931 1383 3032 1436 sibi
3080 1384 3480 1451 prophetiarum

1956 1469 2372 1523 transmitteret:
2408 1485 2470 1524 ac
2502 1486 2621 1524 cum
2654 1469 2942 1525 Hebraicos
2972 1472 3138 1525 libros
3173 1472 3346 1541 legere
3371 1489 3478 1528 non

1951 1569 2147 1627 posset,
2176 1576 2381 1613 rursum
2405 1560 2672 1614 abeodem
2700 1561 3014 1630 interpretes
3041 1562 3360 1639 postulasse,
3382 1566 3476 1632 qui

1951 1647 2206 1702 llebraica
2235 1649 2415 1702 Graece
2444 1658 2829 1717 converterent,
2879 1659 2980 1704 etc.
3037 1651 3127 1704 Sic
3158 1651 3246 1705 ille
3279 1652 3475 1708 imma-

1950 1752 2068 1788 nem
2096 1736 2294 1804 profert
2329 1739 2799 1793 anachronismum
2827 1757 2841 1805 ;
2889 1754 3012 1792 nam
3052 1739 3289 1796 Herodes
3316 1744 3474 1799 annis

1949 1825 2162 1878 circiter
2184 1826 2427 1881 ducentis
2456 1828 2880 1896 quinquaquinta
2902 1838 3021 1896 post
3045 1828 3313 1884 Ptolemaei
3341 1829 3471 1884 Phi-

282 1927 396 1964 vero
419 1888 792 1981 peritissimos
833 1888 1089 1987 quosque
1124 1921 1336 1989 delegit,
1355 1888 1442 1989 qui
1469 1921 1534 1974 de
1558 1888 1717 1976 Chald
1737 1922 1821 1976 aic.

1946 1914 2172 1980 ladelphi
2197 1915 2399 1967 obitum
2424 1888 2642 1983 regnare
2675 1888 2854 1984 erepit.

277 2001 326 2053 in
357 2000 595 2055 Graecam
618 2004 876 2072 linguam
924 2007 1040 2075 (sic
1083 2009 1208 2067 ille)
1252 2011 1415 2077 legem
1450 2020 1843 2066 converterent.

275 2086 342 2142 De
369 2106 602 2143 numero
632 2102 823 2146 autem
871 2096 1231 2164 interpretum
1262 2099 1390 2151 nihil
1437 2099 1640 2167 uspiam
1682 2100 1847 2152 tradit

273 2176 440 2233 Philo.
461 2179 650 2250 Pergit
686 2198 821 2236 vero
853 2185 1071 2249 deinde,
1102 2188 1282 2254 aitque
1327 2188 1637 2255 interpretes
1664 2187 1723 2241 in
1753 2202 1846 2241 oc—

272 2273 411 2324 culto
445 2274 791 2341 nexnineque
827 2284 1101 2342 praesente
1124 2315 1139 2339 ,
1194 2277 1491 2328 versionem
1522 2290 1679 2329 suam
1727 2278 1843 2330 edi-

271 2360 429 2414 disse.
459 2361 595 2414 Cum
624 2372 820 2422 autem
852 2366 907 2416 in
943 2362 1124 2417 Pharo
1151 2364 1324 2418 insula
1342 2365 1452 2418 haec
1476 2366 1842 2434 interpretatio

269 2445 405 2500 facta
442 2450 659 2511 fuisset,
692 2452 1023 2504 testificatur
1048 2451 1206 2504 Philo
1222 2452 1286 2504 ad
1311 2468 1466 2506 suum
1498 2468 1673 2521 usque
1706 2464 1839 2507 tem-

271 2552 367 2605 pus
399 2539 635 2606 hujusce
686 2550 859 2594 tantae
894 2543 969 2595 rei
1012 2542 1327 2595 memoriam
1367 2545 1656 2611 quotannis
1701 2546 1838 2599 cele-

274 2626 445 2691 brari;
496 2631 570 2682 ita
608 2639 671 2682 ut
707 2646 823 2682 non
864 2632 1026 2683 modo
1054 2630 1247 2695 Judaei,
1295 2632 1385 2685 sed
1417 2633 1580 2686 etiam
1629 2634 1738 2696 alii,
1782 2634 1837 2691 in

274 2731 390 2769 eam
418 2718 653 2771 insulam
691 2729 1118 2784 transmeantes,
1142 2721 1436 2789 gratiarum
1457 2724 1759 2778 actionibus
1784 2732 1837 2778 et

271 2807 531 2859 conviviis
559 2816 782 2860 tantum
820 2809 1140 2862 beneficium
1173 2811 1489 2865 recolerent.

754 2896 848 2948 Ill.
880 2897 1023 2959 Quid
1052 2896 1328 2965 Iosephus.

330 2979 599 3051 Iosephus
632 2985 652 3053 (
681 2987 953 3052 Antiquit.
983 2985 1115 3039 Jud.
1158 2987 1250 3038 lib.
1275 3003 1374 3050 xu,
1403 2988 1439 3042 2
1459 2989 1498 3059 ),
1539 2992 1630 3060 qui
1686 3007 1742 3046 se
1770 3008 1831 3047 ea

259 3084 379 3137 quae
415 3073 577 3125 tradit
614 3089 683 3126 ex
729 3074 950 3127 Aristca
1001 3077 1118 3143 ipso
1165 3085 1468 3133 mutuatum
1513 3082 1828 3147 proﬁtetur,

2013 2003 2260 2057 Eamdem
2292 2019 2468 2072 porro,
2493 2021 2651 2074 quam
2678 2006 2941 2070 Justinus,
2965 2009 3273 2062 cellularum
3298 2010 3471 2065 histo-

1944 2096 2076 2148 riam
2106 2094 2263 2148 refert
2285 2095 2516 2164 Gyrillus
2548 2095 3079 2167 Hierosolymitanus.
3112 2099 3178 2153 At
3205 2100 3295 2167 qui
3348 2116 3468 2169 pro-

1944 2185 2083 2238 xime
2111 2194 2229 2252 post
2253 2184 2518 2239 Justinum
2551 2186 2898 2253 scripserunt,
2935 2188 3197 2249 Irenaeus,
3255 2188 3471 2243 Tertul-

1941 2273 2113 2327 lianus
2141 2281 2193 2327 et
2216 2275 2456 2327 Clemens
2486 2275 2875 2329 Alexandrinus
2896 2315 2912 2339 ,
2954 2276 3019 2328 de
3064 2275 3298 2329 Historia
3320 2276 3462 2331 LXX

1940 2362 2284 2430 interpretum
2314 2377 2480 2430 pauca
2526 2364 2718 2426 locuti,
2768 2364 2901 2416 nihil
2936 2364 3004 2418 de
3036 2366 3242 2419 cellulis
3275 2366 3465 2435 hujus-

1939 2453 2081 2506 modi
2108 2462 2459 2507 narraverunt
2489 2472 2503 2507 :
2535 2469 2600 2507 ex
2624 2454 2821 2522 quibus
2845 2455 3076 2508 Irenzeus
3115 2464 3168 2508 et
3215 2454 3465 2512 Clemens

1934 2541 2323 2595 Alexandrinus
2350 2542 2644 2595 versionem
2671 2558 2856 2596 eorum
2888 2545 3068 2597 divino
3100 2545 3309 2599 amante
3335 2546 3462 2616 Spi-

1935 2630 2038 2683 rftu
2066 2629 2257 2683 factam
2286 2638 2611 2685 asseverant.
2640 2630 2900 2686 Eusebius
2924 2647 3048 2686 vero
3086 2633 3159 2686 De
3191 2650 3461 2703 pra'para-

1935 2720 2069 2771 tione
2089 2720 2395 2788 evangelica,
2425 2720 2516 2773 lib.
2544 2735 2659 2783 vm,
2693 2719 2916 2775 Aristeas
2937 2721 3223 2775 maximam
3245 2734 3454 2791 partem

1933 2807 2112 2870 refert,
2146 2817 2199 2861 et
2218 2824 2339 2862 cum
2370 2810 2763 2879 exemplaribus
2790 2810 3059 2865 hodiernis
3088 2820 3145 2865 ut
3168 2813 3457 2880 plurimum

1930 2898 2214 2953 consentit.

1929 3002 1993 3057 V.
2035 3003 2358 3074 Epiphanius
2387 3007 2532 3078 longe
2557 3009 2757 3145 divjrsa
2790 3009 2851 3061 ab
2883 3010 3086 3062 Aristea
3118 3020 3169 3062 et
3196 3026 3229 3063 ιι
3253 3011 3453 3064 caeteris

2595 3094 2647 3129 re
2672 3086 2769 3131 ert.

2595 3086 2769 3131 refert.

259 3162 453 3228 stylum
484 3163 721 3216 Aristea:
745 3166 972 3216 omnino
998 3166 1244 3230 mutavit,
1272 3167 1346 3221 ita
1368 3178 1429 3222 ut
1452 3170 1610 3223 etiam
1634 3173 1828 3240 episto-
1849 3191 1896 3248 ε
1995 3162 2214 3218 Βθηιυῐη
2253 3162 2580 3232 Epiphanius
2624 3166 2777 3235 longe
2813 3167 2916 3221 alia
2945 3183 3106 3236 quam
3152 3168 3327 3221 (ξαεῐθτί
3373 3183 3452 3222 re:

254 3251 338 3306 las
366 3254 670 3318 variorum,
702 3269 831 3323 quae
863 3256 917 3307 in
954 3255 1181 3308 historia
1234 3259 1422 3311 eodem
1474 3272 1778 3330 comparent
1806 3302 1822 3328 ,

250 3340 409 3409 longe
421 3344 524 3395 alia
550 3345 1014 3397 verborum-serie
1026 3344 1316 3399 describat.
1333 3346 1442 3401 Nec
1462 3351 1617 3404 modo
1641 3352 1822 3419 verba,

247 3432 344 3484 sed
379 3443 431 3485 et
458 3448 546 3487 res
577 3434 732 3500 ipsas
763 3434 1061 3502 aliquando
1094 3446 1419 3499 commutat,
1451 3442 1616 3492 multa
1646 3439 1824 3494 detra-

247 3520 350 3582 hit,
374 3538 481 3574 non
510 3537 687 3589 pauca
718 3522 787 3575 de
812 3538 918 3576 suo
949 3523 1158 3590 adjicit.
1188 3523 1437 3578 Attamen
1480 3526 1662 3580 eodem
1707 3528 1822 3595 ipso

240 3611 565 3678 exemplari,
599 3626 713 3679 quo
767 3611 1069 3664 hodiernus
1111 3611 1353 3667 Aristeas
1397 3615 1464 3667 ad
1512 3631 1606 3669 nos
1653 3631 1821 3685 usque

240 3697 603 3751 transmissus
637 3706 725 3751 est
753 3739 768 3761 ,
813 3713 947 3753 usus
997 3696 1169 3753 fuisse
1221 3699 1466 3766 videtur;
1513 3702 1636 3755 licet
1677 3704 1817 3756 enim

241 3786 541 3854 plurimum
567 3788 743 3840 variet
772 3788 828 3840 in
858 3787 1215 3852 recensione;
1247 3789 1297 3843 id
1337 3806 1404 3843 ex
1444 3807 1589 3845 more
1617 3807 1714 3846 suo
1738 3793 1817 3845 fe-

240 3876 339 3933 cit,
368 3874 681 3945 Scripturas
706 3878 857 3930 enim
882 3892 1094 3941 sacras,
1128 3879 1328 3946 quibus
1376 3879 1485 3931 fere
1525 3896 1617 3948 per
1652 3890 1816 3935 totum

240 3962 539 4019 llistoriam
567 3966 765 4030 utitur,
809 3967 1036 4035 paribus
1082 3968 1476 4021 mutationibus
1508 3970 1703 4036 passim
1736 3972 1818 4025 vi-

239 4052 414 4106 tiavit.

272 4162 370 4215 IV.
397 4164 567 4228 Quam
600 4167 758 4233 longe
786 4165 854 4217 ab
882 4167 1111 4218 Aristew
1132 4166 1438 4220 narratione
1463 4166 1775 4222 aberraverit

773 4233 1023 4286 Justinus
1061 4233 1288 4302 Martyr.

310 4319 562 4375 Justinus
584 4321 815 4391 Martyr,
839 4313 1216 4375 Admonitio’ne
1250 4323 1323 4375 tul
1354 4323 1559 4378 Crwcos
1589 4366 1604 4389 ,
1654 4327 1811 4399 longe

241 4408 349 4463 alia
376 4412 634 4465 narravit.
671 4412 763 4463 Ait
792 4411 993 4479 quippe
1018 4410 1370 4464 Ptolemaeum
1398 4412 1608 4484 Egypti
1632 4433 1807 4487 regem

1924 3251 2044 3308 fert.
2073 3251 2136 3305 Et
2154 3253 2278 3322 quia
2306 3255 2423 3322 ejus
2442 3257 2676 3309 narratio
2700 3257 2946 3310 a-multis
2968 3271 3065 3324 pro
3089 3257 3368 3311 verissima
3396 3265 3450 3312 et

1923 3341 2287 3395 sincerissima
2318 3344 2559 3397 omnium
2592 3344 2769 3398 habita
2814 3352 2928 3406 est,
2964 3359 3080 3398 eam
3134 3345 3222 3399 hic
3248 3346 3449 3400 referre

1921 3443 2026 3482 non
2056 3431 2412 3497 gravabimur.
2443 3434 2499 3484 In
2530 3432 2664 3486 libro
2696 3432 2770 3486 De
2800 3434 3052 3486 mensuris
3069 3443 3119 3487 et
3140 3435 3449 3503 ponderibus

1919 3520 2020 3575 sub
2067 3521 2308 3584 initium,
2362 3533 2642 3591 postquam
2691 3523 2940 3578 editionis
2967 3522 3153 3577 τῶνα
3190 3534 3449 3593 praestan-

1917 3609 2045 3661 tiam
2067 3608 2388 3677 praedicavit,
2421 3623 2646 3677 eamque
2675 3625 2781 3663 non
2828 3610 2943 3664 sine
2994 3611 3166 3665 sancti
3213 3609 3447 3680 Spiritus

1918 3697 2090 3750 alllatu
2121 3696 2314 3750 factam
2336 3699 2584 3758 asseruit,
2613 3697 2690 3752 sic
2716 3700 3055 3767 prosequitur
3080 3718 3093 3753 :

1989 3801 2008 3834 ι
2045 3784 2158 3839 Duo
2181 3786 2320 3839 enim
2347 3801 2409 3840 ac
2446 3777 2587 3838 LXX
2625 3787 2724 3839 viri
2773 3787 2829 3840 in
2878 3786 3054 3841 Pharo
3078 3787 3274 3851 insula,
3323 3802 3445 3858 qua:

1915 3873 2080 3927 Terra
2107 3877 2350 3943 superior
2376 3876 2591 3938 dicitur,
2619 3892 2649 3930 e
2686 3877 2901 3945 regione
2947 3877 3099 3931 urbis
3129 3877 3445 3933 Alexandri-

1912 3976 2014 4024 nae,
2045 3961 2099 4014 in
2132 3977 2227 4015 sex
2256 3970 2310 4015 et
2333 3962 2547 4030 triginta
2584 3962 2922 4017 domunculis
2948 3964 3059 4017 sive
3076 3965 3301 4028 cellulis,
3326 3965 3440 4019 bini

1912 4050 2116 4103 scilicet
2140 4050 2194 4103 in
2229 4050 2474 4119 singulis,
2501 4065 2532 4104 a
2564 4050 2741 4119 primo
2776 4051 3012 4105 diluculo
3034 4066 3204 4120 usque
3248 4052 3302 4105 in
3349 4068 3441 4107 ve-

1910 4152 2118 4207 speram
2152 4138 2622 4193 concludebantur.
2649 4137 2877 4207 Vespere
2901 4147 3079 4193 autem
3109 4139 3324 4209 triginta
3343 4154 3438 4195 sex

1909 4228 2121 4295 scaphis
2155 4229 2209 4281 in
2251 4227 2522 4283 Ptolemaei
2573 4228 2902 4297 Philadclphi
2950 4228 3207 4297 palatium
3252 4240 3437 4285 tratus-

1907 4318 2077 4379 vecti,
2124 4317 2191 4371 ad
2234 4317 2352 4386 ejus
2380 4317 2565 4385 epulas
2599 4316 3006 4371 adhibebantur.
3054 4316 3192 4371 Tum
3235 4318 3347 4373 bini
3377 4319 3435 4373 in

1909 4406 2118 4472 triginta
2133 4420 2226 4461 sex
2244 4405 2502 4460 cubiculis
2516 4405 2866 4467 dormiebant,
2886 4421 2951 4459 ne
2967 4414 3151 4460 mutuo
3171 4405 3437 4474 colloquia

238 4513 362 4552 cum
384 4500 771 4555 bibliothecam
803 4500 1149 4554 Alexandriae
1174 4511 1408 4569 pararet,
1443 4519 1494 4557 et
1521 4506 1683 4562 libros
1706 4525 1806 4561 un-
1836 4503 1881 4556 Ι)
1910 4495 2133 4549 miscere
2160 4506 2398 4564 Possem,
2426 4495 2517 4550 θεά
2547 4494 2648 4549 Sibi
2674 4494 2940 4563 Propriam
2972 4509 3074 4548 nec
3101 4494 3168 4548 ab
3199 4494 3317 4548 aliis
3338 4509 3433 4548 30"

234 4587 398 4657 dique
427 4590 761 4658 comportari
795 4599 1036 4654 curaret,
1065 4590 1340 4643 audivisse
1361 4593 1603 4661 antiquas
1632 4596 1802 4651 histo-

234 4677 344 4728 rias
373 4676 649 4731 Hebraicis
674 4677 874 4731 litteris
907 4677 1248 4745 conscriptas
1276 4691 1575 4746 superesse,
1630 4699 1692 4737 ac
1727 4684 1803 4738 le-

234 4764 387 4830 gendi
420 4765 701 4832 cupidum.
736 4763 1088 4832 septuaginta
1109 4763 1257 4815 viros
1290 4761 1559 4821 llebraica:
1584 4779 1636 4823 et
1657 4769 1801 4824 Grae-

235 4866 310 4903 ca:
337 4844 531 4920 lingua:
562 4852 767 4919 peritos
785 4849 1173 4911 accersivisse,
1192 4848 1285 4915 qui
1310 4849 1797 4920 interpretationem

237 4935 469 4990 Cmam
500 4938 744 4998 ederent,
777 4946 951 5005 utque
979 4936 1179 5005 procul
1198 4937 1421 4990 tumultu
1450 4955 1562 4995 rem
1579 4958 1797 5012 perage-

239 5035 365 5090 rent,
405 5025 551 5080 LXX
598 5028 733 5080 viris
777 5027 1012 5079 totidem
1065 5016 1293 5079 cellulas
1322 5041 1408 5079 seu
1448 5028 1796 5089 domunculas

240 5114 461 5165 construi
488 5114 751 5180 jussisse,
781 5127 851 5166 eo
892 5111 1163 5175 consilio,
1181 5118 1245 5163 ut
1264 5110 1482 5180 quisque
1508 5120 1793 5186 separatim

243 5200 649 5272 inconsultisque
705 5203 836 5258 aliis
905 5199 1408 5267 interpretationem
1459 5204 1790 5264 adornaret:

245 5290 588 5362 ministrisque
613 5292 683 5347 ad
707 5306 834 5345 eam
865 5303 991 5344 rem
1015 5286 1299 5341 destinatis
1318 5294 1632 5361 praecepisse
1656 5336 1672 5361 ,
1724 5313 1791 5352 ne

241 5379 374 5447 ipsos
392 5392 574 5438 mutuo
611 5381 904 5449 colloquia
928 5377 1079 5430 inire
1103 5374 1479 5445 permitterent,
1538 5393 1598 5437 ut
1626 5388 1791 5442 colla-

238 5469 295 5524 tis
313 5484 483 5539 postea
511 5466 1123 5541 interpretationibus,
1155 5464 1223 5518 de
1246 5480 1421 5522 eorum
1447 5472 1554 5527 fide
1572 5477 1792 5542 peritia-

225 5577 312 5631 que
336 5564 576 5633 judicare
627 5566 855 5631 posset.
895 5553 1049 5606 Cum
1072 5561 1248 5604 autem
1280 5558 1508 5615 eamdem
1548 5579 1746 5623 omnes
1767 5607 1784 5634 ,

216 5668 271 5706 ne
286 5654 500 5708 minimo
527 5649 768 5721 quidem
793 5642 1111 5696 verborum
1148 5637 1461 5709 discrimine,
1507 5648 1788 5721 interpre-

223 5745 431 5801 l«ttionan
461 5738 856 5813 peregissent,
894 5725 1262 5794 stupcl'actum
1288 5743 1456 5800 regem
1498 5737 1757 5813 imerpm

1907 4593 2110 4651 ceptatn
2175 4583 2661 4651 interpretationem
2702 4584 2919 4637 ederent
2965 4583 3111 4652 (ἀλλ’
3137 4583 3434 4645 ἀνοθεύτως

1905 4671 2286 4742 ἑρμηνεῦσαι).
2336 4670 2652 4727 Ptolemaeus
2703 4672 2846 4727 enim
2896 4672 3112 4741 triginta
3146 4686 3240 4725 sex
3265 4670 3433 4735 illas,

1903 4776 2035 4830 quas
2073 4761 2205 4827 dixi,
2247 4762 2598 4817 domunculas
2649 4762 2705 4816 in
2754 4764 2928 4818 insula
2976 4761 3202 4830 paravit,
3228 4775 3436 4830 easque

1901 4850 2159 4917 duplices,
2185 4849 2239 4902 in
2264 4850 2457 4918 quibus
2485 4851 2639 4906 binos
2668 4851 2962 4913 conclusit,
2985 4852 3226 4917 duosque
3249 4847 3428 4904 famu-

1899 4940 2000 5001 los,
2028 4939 2119 5007 qui
2147 4938 2294 4994 cibos
2310 4948 2558 5006 pararent
2576 4941 2811 5009 ipsisque
2823 4939 3207 5002 ministrarent,
3237 4939 3433 4995 simula

1898 5041 1999 5094 que
2042 5026 2428 5096 tachygraphos
2472 5029 2586 5083 sive
2629 5028 2883 5081 notarios.
2913 5025 2970 5079 In
3001 5027 3105 5082 illis
3135 5043 3296 5096 porro
3327 5029 3427 5084 do-

1896 5115 2181 5178 munculis,
2232 5117 2377 5169 nulla
2426 5116 2716 5185 parietibus
2745 5114 3007 5172 fenestras
3026 5116 3237 5182 etfacit;
3263 5118 3353 5172 sed
3390 5134 3432 5173 e.

1896 5213 2033 5258 tecto
2062 5219 2287 5273 superne
2308 5207 2427 5260 illas
2458 5207 2665 5275 aperuit
2694 5207 2713 5269 ,’
2758 5220 2895 5276 quas
2934 5208 3286 5276 anaphotidas
3322 5223 3419 5261 vo-

1894 5303 2034 5349 cant.
2060 5293 2172 5349 Hoc
2192 5296 2265 5349 illi
2302 5296 2455 5349 modo
2501 5310 2530 5348 a
2583 5295 2757 5364 primo
2782 5296 3016 5351 diluculo
3051 5297 3118 5351 ad
3145 5311 3425 5364 veSperam

1892 5385 2153 5440 obseratis
2181 5384 2386 5439 foribus
2418 5383 2551 5453 (ὑπὸ
2584 5383 2802 5456 κλεῖδα)
2834 5386 3025 5440 inclusi
3057 5399 3239 5440 sacras
3277 5383 3415 5435 litte-

1891 5489 1979 5529 ras
2006 5474 2406 5530 transtulerunt.
2432 5471 2728 5543 Unicuique
2760 5491 2889 5529 vero
2923 5477 3269 5541 interpretum
3299 5469 3416 5538 pari

1888 5567 2019 5621 liber
2046 5564 2543 5628 unus»tradehatur;
2568 5566 2798 5634 exempli
2825 5578 3006 5625 causa,
3040 5560 3261 5616 Genesis
3285 5556 3410 5622 uni;

1889 5655 2099 5710 Exodus
2127 5656 2297 5722 alteri,
2322 5653 2587 5712 Laviticus
2606 5657 2731 5711 alii:
2763 5666 2923 5724 atque
2977 5656 3048 5708 ita
3095 5648 3286 5705 caeteri.
3320 5644 3410 5699 Sic

1886 5760 2047 5818 porro
2084 5744 2264 5815 viginti
2292 5754 2491 5818 septem
2524 5761 2686 5802 sacrae
2711 5745 3001 5815 Scriptura
3025 5738 3162 5800 libri,
3189 5733 3280 5807 qui
3300 5732 3412 5790 duo
