3878 6372
2978 331 3094 349 ,δαιτί
3111 329 3127 341 δ

531 400 600 459 59
1836 376 2352 437 PRAELIMINAML

530 522 586 569 et
617 508 799 580 viginti
830 504 1116 562 secundum
1146 502 1483 571 alphabetum
1524 496 1843 554 Hebraicum
1870 510 2064 551 nume—
2088 494 2137 552 Δ
2163 487 2439 580 epistolam
2465 525 2481 550 ,
2512 481 3226 580 'Aristeanisdissimilem',
3254 481 3397 537 licet
3438 467 3722 580 Aliis:

531 610 741 661 rantur.
763 598 1003 653 Graecum
1042 594 1094 647 in
1123 606 1422 648 sermonem
1456 589 1700 645 conversi
1726 596 1872 643 sunt.

605 708 627 742 ι
664 688 866 743 Habent
888 684 1029 738 enim
1056 681 1259 737 Hebraei
1283 681 1354 735 22
1382 681 1600 743 litteras,
1630 692 1662 732 e
1682 677 1876 746 quibus
1903 673 2064 745 quin-

534 793 636 848 que
660 776 1015 844 duplicantur,
1045 771 1211 840 Caph,
1240 769 1374 825 Mem
1392 810 1407 832 ,
1434 767 1551 823 Nan
1573 808 1589 832 ,
1619 766 1718 820 Phi
1746 806 1767 831 ,
1787 774 1841 820 et
1868 765 2058 833 Aleph.

532 864 888 928 Qltzotnobrem
918 875 1038 914 cum
1062 860 1187 913 libri
1215 860 1314 912 hac
1352 861 1558 912 ratione
1590 857 1776 925 viginti
1820 856 1926 909 duo
1962 870 2063 907 nu-

532 959 826 1010 merentur,
853 959 1053 1016 septem
1088 963 1152 1001 ac
1198 946 1382 1014 viginti
1417 946 1779 1015 reperiuntur,
1818 943 1961 1013 quod
1993 956 2060 996 ex

531 1040 633 1092 illis
662 1039 902 1106 quinque
927 1037 1280 1104 duplicentur,
1309 1046 1410 1089 etc.

604 1144 623 1177 ι
654 1126 818 1195 Igitur
841 1135 1041 1194 septem
1073 1135 1126 1179 et
1154 1126 1338 1189 viginti
1367 1126 1440 1178 illi
1466 1125 1609 1188 libri,
1632 1125 1723 1194 qui
1746 1124 1928 1190 viginti
1955 1124 2062 1178 duo

524 1226 1070 1271 uumerantur........
1099 1229 1162 1267 eo
1183 1230 1339 1283 quem
1375 1214 1487 1267 dixi
1524 1214 1682 1268 modo
1711 1230 1803 1284 per
1822 1214 2061 1267 ordinem

531 1304 820 1369 unicuique
854 1306 1197 1371 interpretum
1228 1303 1343 1372 pari
1375 1305 1555 1357 traditi
1592 1312 1752 1368 sunt,
1805 1304 2005 1359 scilicet
2030 1319 2060 1357 a

530 1394 705 1461 primo
732 1392 843 1462 pari
863 1393 927 1445 ad
973 1392 1305 1453 secundum,
1358 1405 1388 1444 a
1443 1391 1679 1446 secundo
1731 1391 1795 1445 ad
1847 1393 2060 1446 tertium

528 1479 874 1544 transierunt,
907 1480 1076 1534 donec
1113 1483 1285 1533 sexies
1313 1493 1375 1532 ac
1404 1478 1642 1533 tricesies
1671 1481 1863 1548 singuli
1883 1479 2063 1534 Graece

528 1568 775 1621 conversi
803 1574 948 1627 sunt,
979 1576 1038 1619 ut
1067 1568 1281 1635 quidem
1313 1577 1582 1623 narratur.
1618 1566 1714 1623 His
1733 1568 1922 1638 viginti
1954 1569 2062 1623 duo

528 1656 754 1713 addendi
784 1666 908 1711 sunt
926 1658 1231 1727 apocryphi.

609 1763 628 1796 ι
673 1744 951 1799 Postremo
983 1746 1242 1801 absolutis
1296 1747 1563 1812 omnibus,
1593 1762 1686 1802 rex
1740 1747 1795 1800 in
1847 1747 2061 1803 sublimi

530 1834 668 1889 solio
711 1835 994 1888 consedit:
1027 1836 1246 1889 aderant
1293 1837 1507 1907 triginta
1553 1852 1643 1892 sex
1678 1837 1903 1892 lectores
1937 1854 2059 1893 eum

527 1926 748 1995 triginta
782 1941 873 1980 sex
918 1927 1310 1995 exemplaribus
1332 1968 1346 1992 ,
1372 1937 1425 1982 et
1454 1929 1585 1982 alter
1616 1930 1706 1998 qui
1743 1929 2061 1985 Hebraicum

530 2016 905 2084 antigraphum
944 2017 1174 2071 tenebat.
1213 2016 1330 2071 Uno
1369 2019 1573 2088 legente
1621 2020 1846 2089 aliisque
1894 2030 2062 2075 atten-

527 2106 800 2173 dentibus,
825 2109 957 2162 nihil
985 2119 1250 2177 repertum
1279 2120 1361 2164 est
1388 2111 1731 2168 discriminis.
1763 2112 1864 2167 Sed
1895 2114 2063 2167 admi-

530 2194 759 2249 randum
802 2195 894 2250 Dei
929 2211 1064 2266 opus
1104 2198 1332 2261 accidit,
1365 2207 1423 2252 ut
1454 2209 1639 2254 notum
1685 2210 1828 2255 esset
1852 2240 1867 2263 ,
1916 2203 2061 2256 viros

525 2283 672 2337 dono
718 2281 947 2352 Spiritus
998 2284 1164 2340 sancti
1209 2287 1493 2359 praeditos,
1536 2289 1588 2342 in
1643 2288 1732 2342 illa
1779 2289 2064 2344 solitudine

528 2375 907 2441 consensisse;
946 2375 1015 2430 ita
1059 2386 1116 2432 ut
1152 2366 1455 2448 ubicunque
1493 2379 1693 2447 aliquid
1734 2380 2060 2446 addebatur,

529 2462 600 2516 ab
629 2463 880 2518 omnibus
908 2465 1064 2519 simul
1090 2467 1412 2532 adderetur;
1441 2477 1495 2522 et
1524 2470 1612 2522 ubi
1637 2470 1966 2535 demebatur,
1996 2472 2069 2524 ab

529 2552 782 2605 omnibus
810 2553 1011 2619 pariter
1033 2555 1354 2609 demeretur.
1386 2556 1452 2609 Et
1475 2557 1728 2626 quidquid
1759 2560 2063 2628 ademptum

527 2650 666 2703 erat,
706 2640 932 2707 inutile;
963 2643 1219 2711 quidquid
1249 2659 1373 2698 vero
1408 2645 1671 2711 relictum,
1700 2649 2064 2702 necessarium

527 2744 648 2783 esse
675 2729 1188 2798 deprehendebatur.
1223 2731 1293 2787 Ut
1320 2742 1495 2787 autem
1525 2749 1817 2802 cognoscas
1840 2750 1933 2789 eos
1966 2736 2066 2788 mi-

529 2832 651 2873 rum
685 2819 737 2871 iu
779 2820 1016 2884 modum,
1047 2830 1100 2875 ct
1136 2838 1199 2876 ex
1235 2821 1326 2877 Dei
1370 2823 1716 2892 providentia,
1748 2840 1919 2894 exque
1945 2824 2065 2895 Spi-

529 2909 669 2964 ritus
702 2912 868 2965 sancti
908 2926 1172 2967 consensu
1197 2914 1570 2983 interpretatos
1596 2930 1734 2977 csse,
1764 2916 2065 2985 exemplum

530 2998 626 3054 tibi
658 3000 947 3068 proferam,
985 3022 1004 3054 ι
1048 3015 1149 3058 etc.

2160 578 2245 632 vel
2276 578 2543 632 Aristeum
2577 576 2697 646 (sic
2722 577 2858 646 ille)
2901 578 3002 632 sibi
3029 584 3313 630 auctorem
3364 564 3722 641 proﬁte

2161 665 2250 718 ubi
2274 663 2587 718 Ptolemaeus
2625 665 2943 734 interpretes
2989 662 3254 718 Ilebraice
3304 659 3722 719 Grrzece‘I‘

2160 753 2443 807 ritissimos
2495 753 2749 822 postulat,
2789 753 2881 821 qui
2923 752 3091 805 libros
3129 763 3324 804 sacros
3359 748 3463 802 de
3538 740 3722 795 Hel

2161 841 2215 894 in
2248 840 2490 896 Grmcum
2521 842 2856 895 convertant.
2894 840 3245 895 Hebraeorum
3292 832 3693 906 magistri

2162 930 2299 987 lectu
2326 930 2526 994 habito,
2551 931 2883 1001 septuaginta
2907 930 3044 983 duos
3066 930 3417 998 interpretes
3457 921 3722 988 elo-sig

2158 1034 2253 1074 sex
2287 1019 2529 1072 videlicet
2556 1034 2618 1072 ex
2647 1018 2872 1087 singulis
2903 1019 3172 1079 tribubus,
3204 1017 3300 1085 qui
3338 1016 3407 1068 in
3470 1010 3679 1064 Plin
3699 1026 3717 1059 ι

2159 1109 2300 1172 sola,
2330 1123 2394 1161 eo
2422 1124 2530 1176 quo
2555 1123 2716 1175 supra
2748 1107 2946 1160 dictum
2973 1116 3054 1159 est
3084 1107 3268 1169 modo,
3293 1117 3585 1159 sacros
3626 1114 3722 1152 cc

2160 1199 2488 1267 interpretati
2521 1208 2677 1256 sunt.
2700 1196 2818 1263 Quo
2853 1207 3089 1265 peracto,
3120 1195 3244 1249 libri
3280 1194 3369 1247 illi
3411 1194 3506 1247 in
3568 1188 3722 1242 Gr:

2159 1286 2405 1342 translati
2462 1287 2520 1340 in
2569 1287 2745 1356 priore
2804 1286 3157 1347 bibliotheca,
3206 1299 3336 1353 quae
3396 1283 3486 1336 in
3587 1278 3713 1333 Br

2162 1376 2382 1431 fundata
2417 1386 2521 1442 est,
2556 1378 2776 1446 repositi
2805 1386 2948 1431 sunt.
2978 1375 3102 1430 Post
3144 1377 3261 1429 haec.
3293 1376 3431 1428 alia
3512 1388 3623 1424 ru
3638 1386 3722 1424 rs

2163 1465 2389 1534 Serapio
2418 1466 2737 1521 bibliotheca
2772 1469 3061 1520 constituta
3084 1475 3188 1527 est,
3213 1465 3395 1531 longe
3440 1462 3594 1515 illa
3644 1475 3722 1514 m

2159 1570 2278 1624 qua:
2311 1555 2473 1623 hujus
2504 1554 2607 1607 filia
2638 1555 2913 1608 dicebatur
2936 1593 2951 1616 ,
2999 1555 3052 1606 in
3083 1569 3249 1623 quam
3286 1552 3598 1621 Aquila
3630 1589 3657 1613 ,
3714 1552 3722 1599 1

2160 1643 2362 1708 machi,
2400 1641 2780 1698 Theodotionis
2804 1653 2856 1697 et
2887 1644 3113 1703 alim-tun
3146 1643 3462 1723 editiones
3514 1653 3722 1709 cons

2162 1742 2286 1789 sunt
2311 1743 2432 1803 post
2457 1748 2625 1788 annos
2653 1733 2757 1786 250
2810 1732 3079 1790 Hactenus
3112 1731 3576 1800 Epiphanius,

2095 1797 2136 1851 Β
2195 1825 2286 1879 Vl.
2328 1826 2460 1879 Tota
2487 1826 2910 1879 controversiain
2945 1835 3046 1877 tres
3070 1825 3410 1893 quwstioucs
3458 1821 3722 1876 dividi

2224 1912 2339 1968 llat:
2368 1927 2525 1982 porro
2547 1922 2827 1981 conspecta
2856 1914 3228 1966 narrationum
3252 1911 3646 1975 varietate,
3699 1926 3722 1963 ι

2158 2000 2440 2057 mirabitur
2469 2002 2592 2054 hinc
2619 2010 2759 2054 tanta
2784 2001 3097 2070 opinionum
3128 2000 3381 2053 divortia
3433 1998 3660 2053 facta

2159 2090 2310 2146 Licet
2341 2099 2520 2143 autem
2556 2091 2701 2144 nulla
2736 2090 2845 2144 fere
2876 2107 2943 2143 ex
2986 2089 3284 2159 praemissis
3319 2092 3721 2145 narratior:

2160 2197 2279 2236 curn
2327 2181 2490 2235 altera
2536 2182 2692 2249 plane
2733 2182 3075 2247 consentiat;
3116 2181 3209 2235 sed
3258 2197 3722 2250 unaquaeth

2159 2274 2214 2327 in
2242 2273 2465 2341 majoris
2488 2273 2743 2326 momenti
2767 2273 2948 2335 rebus,
2977 2272 3060 2325 vel
3086 2272 3139 2324 in
3164 2274 3566 2327 minusculis
3601 2274 3722 2328 diti

2160 2362 2229 2416 ab
2279 2363 2440 2426 aliis;
2490 2371 2726 2415 attamen
2778 2362 2832 2414 in
2878 2371 2987 2416 tres
3036 2362 3349 2429 praecipuas
3421 2363 3713 2431 (λυπειί

2160 2461 2334 2522 potest
2357 2462 2465 2507 tota
2494 2452 2857 2506 controversia
2904 2451 3088 2506 reduci
3109 2492 3124 2517 ,
3156 2452 3454 2506 nimirum
3487 2494 3512 2519 ,
3589 2464 3721 2507 utr

2161 2543 2563 2598 narrationibus
2606 2544 2821 2613 γνήσιος
2871 2542 2983 2596 sive
3029 2542 3362 2611 primigenia
3416 2543 3566 2607 sit;
3642 2559 3722 2597 ar

2160 2646 2280 2701 qua:
2302 2632 2523 2686 Aristea:
2546 2632 2763 2684 nomine
2785 2631 3050 2698 hodieque
3067 2628 3535 2695 circumfertur,
3566 2647 3722 2701 qua

2161 2736 2317 2775 senes
2350 2736 2454 2773 uua
2487 2732 2843 2791 congregatos
2890 2720 3419 2788 interpretationem
3465 2721 3721 2775 adorn,

2160 2809 2425 2879 perhibet,
2464 2809 2610 2861 nulla
2662 2808 2798 2863 facta
2850 2811 3122 2864 mentione
3164 2811 3510 2879 peculiaris
3557 2813 3722 2884 Spir

2162 2900 2334 2954 sancti
2379 2898 2625 2964 amatus;
2666 2915 2734 2953 an
2763 2914 2888 2953 vero
2915 2915 2977 2954 ea
3005 2917 3124 2969 quae
3154 2916 3320 2956 senes
3360 2904 3518 2959 sive
3556 2908 3722 2960 solo

2164 2991 2497 3061 septuaginta
2522 2990 2731 3044 cellulis
2756 3030 2771 3056 ,
2806 2991 2918 3044 sive
2949 2991 3105 3045 binos
3136 2992 3190 3043 in
3230 2992 3509 3061 triginta
3574 3013 3699 3052 scx

602 3088 714 3144 sub
740 3090 850 3146 hac
876 3103 1051 3146 autem
1081 3093 1408 3163 Epiphanius
1453 3111 1565 3150 rem
1599 3112 1630 3150 θ
1672 3098 1935 3167 principio
1976 3113 2061 3153 re-
2085 3116 2129 3173 ο
2163 3082 2432 3135 munculis
2474 3080 2744 3144 inclusos,
2771 3080 3003 3173 alliante
3051 3080 3287 3173 Numine
3348 3084 3722 3156 interpret:

528 3183 715 3244 petens
744 3178 856 3232 ait:
898 3178 1240 3235 Ptolemaeum
1282 3180 1685 3251 Philadelphum
1708 3225 1722 3245 .
1755 3186 2056 3254 φιλόκαλον,

530 3264 625 3317 καὶ
649 3263 942 3335 φιλόλογον,
983 3269 1034 3321 in
1060 3284 1121 3323 ea
1152 3271 1300 3324 urbis
1326 3282 1475 3340 parte
1505 3288 1624 3341 qua:
1653 3272 1940 3328 Bruchium
1971 3292 2064 3345 ap-

530 3355 862 3423 pellabatur,
912 3358 1281 3413 bibliothecam
1329 3361 1658 3428 instituisse,
1691 3363 1847 3431 eique
1875 3364 2064 3418 Deme-

531 3444 701 3498 trium.
732 3445 1043 3501 Phalereum
1084 3450 1434 3517 praeposuisse
1457 3493 1472 3516 ,
1520 3452 1612 3521 qui
1643 3468 1765 3507 cum
1815 3469 2063 3524 magnam

532 3533 792 3588 librorum
823 3537 999 3590 omnis
1031 3539 1240 3607 generis
1272 3540 1647 3608 supellectilem
1680 3552 2061 3611 comparasset,

533 3625 830 3678 sciscitanti
884 3628 993 3695 regi
1039 3637 1171 3696 quot
1221 3630 1479 3684 librorum
1516 3632 1680 3686 millia
1731 3634 2061 3703 collegisset,

529 3712 640 3782 jam
672 3714 1056 3786 quinquaginta
1098 3727 1326 3786 quatuor
1368 3720 1533 3774 millia
1578 3737 1698 3776 cum
1743 3724 2063 3793 octingentis

536 3798 722 3855 haberi
751 3801 914 3856 dixit:
946 3819 1227 3873 superesse
1259 3814 1433 3862 tamen
1464 3809 1619 3876 longe
1647 3811 1826 3879 plures
1855 3813 1905 3864 iu
1937 3813 2067 3868 orbe

534 3898 799 3947 terrarum
827 3895 964 3963 apud
990 3894 1293 3965 EthiOpas,
1327 3896 1505 3963 ludos,
1537 3897 1747 3965 Persas,
1775 3900 2063 3965 Elamitas,

534 3978 873 4052 Babylonios,
904 3986 1171 4056 Assyrios,
1202 3986 1508 4052 Chaldaeos,
1559 3988 1864 4056 Romanos,
1907 3991 2068 4047 th—

532 4070 715 4135 nicas,
745 4072 906 4142 Syros
938 4082 991 4128 et
1037 4074 1269 4131 Grecos.
1310 4077 1547 4147 Esseque
1588 4088 1843 4147 praeterea
1873 4079 2064 4134 Hiero-

534 4156 757 4225 solymis
774 4168 828 4211 et
849 4159 988 4228 apud
1012 4158 1224 4216 Iudaeos
1249 4162 1416 4217 libros
1442 4164 1842 4233 prophetarum,
1869 4179 2066 4234 eosque

533 4244 762 4313 divinos,
795 4250 885 4316 qui
915 4250 982 4303 de
1001 4250 1110 4305 Deo
1134 4261 1188 4305 et
1212 4252 1276 4306 de
1299 4254 1484 4308 mundi
1511 4255 1783 4308 creatione
1807 4255 2064 4309 edissere-

533 4330 683 4398 bant,
708 4348 842 4402 quos
871 4336 1115 4390 hortatus
1144 4345 1227 4393 est
1256 4354 1435 4409 regem
1466 4349 1527 4394 ut
1551 4349 1866 4407 accerseret,
1896 4357 2065 4411 eaque

2161 3185 2281 3226 esse
2310 3177 2714 3224 commemorat.
2754 3168 2932 3223 Altera
2965 3171 3231 3238 qumstio,
3270 3186 3349 3225 an
3397 3175 3583 3229 LXX
3632 3178 3722 3233 lnt

2162 3267 2360 3327 pretcs,
2406 3257 2489 3310 vel
2514 3257 2605 3324 qui
2644 3255 2852 3325 priores
2887 3255 3224 3326 Scripturam
3258 3274 3525 3317 sacram
3592 3266 3680 3321 de
3718 3309 3722 3319 .

2161 3345 2344 3399 braico
2376 3344 2429 3398 in
2458 3342 2699 3397 Grmcum
2734 3352 3134 3409 converterunt,
3163 3346 3351 3400 solam
3394 3348 3651 3422 Legem
3678 3394 3698 3419 ,

2160 3437 2602 3500 Pentateuchum,
2628 3451 2696 3490 an
2725 3437 2883 3489 etiam
2916 3435 3152 3504 reliquos
3179 3438 3369 3495 libros
3410 3442 3721 3515 intcrpre

2162 3528 2288 3581 sint.
2327 3527 2504 3581 Tertia
2536 3526 2750 3580 demum
2799 3540 2869 3578 an
2918 3523 3153 3579 Historia
3188 3527 3463 3588 Aristem
3494 3574 3515 3599 ,
3558 3535 3706 3589 sive

2160 3621 2335 3686 primo
2384 3614 2622 3684 prodiit,
2655 3613 2771 3667 sive
2798 3624 2855 3665 ut
2882 3622 3065 3681 postea
3093 3628 3122 3665 a
3150 3611 3395 3671 Justino
3425 3659 3444 3684 ,
3481 3630 3554 3676 et
3587 3623 3722 3694 aliq

2160 3714 2283 3775 post
2323 3705 2534 3759 saeculis
2562 3704 2630 3758 ab
2660 3701 2958 3772 Epiphanio
2999 3703 3161 3756 allata
3188 3713 3277 3758 est
3298 3744 3316 3772 ,
3359 3724 3524 3765 vera
3586 3714 3715 3783 sit,

2162 3793 2388 3850 conﬁcta
2412 3803 2466 3849 et
2490 3794 2850 3863 supposititia.

2165 3904 2279 3958 VII.
2309 3904 2574 3979 Probatur
2603 3904 2820 3957 Arietate
2843 3902 3161 3979 exemplaria
3184 3918 3307 3970 qua:
3345 3923 3703 3979 supersunt

2230 3974 2391 4027 nnina
2413 4013 2429 4039 ,
2471 3983 2774 4027 cwterorum
2812 3981 2983 4023 autent
3016 3971 3445 4029 additamenta'
3471 3997 3721 4052 respuet

2230 4058 2359 4095 8888.
3083 4064 3094 4075 ⁸

2230 4150 2381 4216 Quod
2406 4149 2473 4203 ad
2504 4149 2731 4217 primam
2769 4148 3118 4217 quazstionem
3148 4150 3389 4222 attinet,
3430 4173 3688 4223 certum

2164 4238 2477 4291 alterutram
2499 4251 2563 4289 ex
2588 4235 2988 4289 narrationibus
3010 4236 3392 4298 adulteratam
3430 4248 3681 4323 fuisse;
3712 4277 3722 4311 :

2164 4324 2409 4379 videlicet
2449 4337 2569 4378 eam
2610 4339 2730 4393 qua:
2777 4325 3113 4396 septuaginta
3158 4326 3307 4384 duos
3365 4350 3565 4397 senes
3624 4347 3722 4401 sin

532 4422 602 4476 de
648 4438 809 4478 causa
855 4424 923 4478 ad
968 4425 1213 4483 doctores
1256 4427 1732 4499 Jerosolymitanos
1783 4432 2060 4488 scriberet.

2166 4423 2533 4484 congregatos,
2561 4422 2856 4483 mutuoque
2885 4415 3148 4483 colloquia
3184 4418 3537 4486 miscentes
3560 4471 3579 4497 ,
3616 4434 3722 4490 ἱιιιι

533 4508 633 4565 Cui
672 4527 763 4566 rex
793 4528 998 4569 morem
1026 4532 1216 4587 gerens
1234 4557 1250 4583 ,
1280 4519 1554 4587 epistolam
1583 4518 2058 4592 Jerosolymitanis,

534 4600 604 4654 ab
631 4600 929 4659 Aristeanis
960 4607 1209 4661 omnibus
1258 4607 1415 4677 longe
1459 4608 1724 4665 diversam
1748 4651 1764 4675 ,
1818 4611 2060 4679 scripsit,

531 4702 654 4756 qua:
678 4689 948 4757 αὑτολεξεὶ
970 4692 1039 4747 ab
1063 4691 1362 4763 Epiphanio
1392 4692 1628 4749 aﬁertur.
1658 4696 1718 4749 In
1745 4709 1807 4749 ea
1831 4695 2064 4763 postulat

534 4788 627 4829 rex
656 4778 724 4831 ad
762 4793 820 4834 se
849 4782 1132 4836 transmitti
1165 4783 1542 4852 prophetarum
1576 4784 1761 4848 libros,
1795 4791 1853 4837 ut
1885 4784 1939 4837 iu
1977 4784 2064 4837 hi-

534 4863 801 4920 bliotheca
838 4884 935 4923 sua
966 4884 1346 4940 reponerentur
1373 4892 1387 4927 :
1422 4874 1475 4927 in
1508 4866 1819 4928 memoriam
1853 4880 2067 4927 revocat

535 4955 805 5022 praeterita
839 4958 1090 5015 beneﬁcia
1111 5000 1127 5024 ,
1174 4978 1282 5032 quo
1310 4971 1466 5032 pacto
1492 4963 1694 5018 scilicet
1744 4963 1941 5017 multos
1970 4961 2067 5015 .Iu-

536 5037 775 5092 deorum
807 5043 1091 5108 populares
1130 5047 1179 5101 in
1210 5048 1347 5103 bello
1383 5059 1566 5117 captos
1603 5058 1657 5103 et
1694 5050 1746 5103 in
1778 5048 2068 5120 Egyptum

533 5128 878 5193 deportatos,
931 5130 1126 5190 liberos
1172 5144 1292 5193 eum
1344 5140 1541 5195 viatico
1585 5140 1867 5194 dimiserit.
1916 5137 2070 5195 Nunc

534 5223 714 5268 autem
745 5229 982 5271 mensam
1010 5235 1225 5278 auream
1261 5228 1524 5296 lapidibus
1552 5229 1798 5298 pretiosis
1822 5237 2067 5282 ornatam

536 5302 717 5372 pondo
745 5303 1157 5374 quingentorum
1188 5313 1504 5371 talentorum
1537 5330 1661 5372 cum
1711 5316 1829 5370 aliis
1877 5331 2068 5371 mune-

537 5395 688 5450 ribus
715 5394 944 5475 mittere,
980 5407 1039 5451 ut
1064 5400 1173 5452 voti
1206 5416 1425 5473 compos
1456 5406 1770 5461 efﬁceretur.

606 5484 801 5538 Missos
832 5494 1011 5552 postea
1037 5487 1202 5545 libros
1220 5488 1475 5549 Hebraiee
1498 5499 1724 5565 scriptos
1750 5510 1870 5550 cum
1900 5495 2073 5565 legere

541 5587 648 5628 non
676 5582 891 5642 posset,
937 5577 1172 5632 secundo
1204 5581 1439 5636 scribere
1463 5594 1517 5638 et
1546 5585 1860 5656 interpretes
1899 5594 2076 5654 petere

545 5676 764 5718 coaetus
810 5671 911 5719 cst.
967 5661 1265 5727 Secundam
1318 5678 1500 5741 postea
1549 5673 1698 5730 allert
1746 5674 2074 5745 Epiphanius

2158 4503 2510 4573 pretationem
2545 4502 2693 4557 illam
2722 4504 2955 4559 edidisse
2989 4505 3230 4573 perhibet
3258 4548 3276 4574 ,
3309 4526 3437 4571 aut
3468 4535 3611 4577 eam
3667 4542 3722 4597 qi

2161 4599 2284 4652 illos
2313 4597 2366 4651 in
2402 4598 2741 4667 septuaginta
2771 4598 2975 4654 cellulis
3013 4609 3320 4670 separatos,
3366 4624 3487 4669 aut
3518 4618 3708 4677 binos

2162 4688 2373 4757 triginta
2399 4701 2491 4740 sex
2515 4687 2855 4742 domunculis
2889 4688 3142 4781 inclusos.
3170 4700 3229 4743 ut
3263 4710 3494 4759 narrat
3529 4707 3722 4781 Epiph

2162 4781 2312 4843 nius,
2348 4777 2678 4846 Scripturam
2706 4778 2916 4833 amante
2957 4775 3217 4844 Numine,
3253 4791 3321 4836 ut
3387 4806 3471 4847 εχ
3529 4775 3722 4856 m‘ir'ah

2161 4867 2400 4921 omnium
2418 4880 2681 4921 consensu
2705 4867 2985 4936 probatum
3012 4873 3113 4929 est,
3131 4869 3382 4930 vertisse
3417 4895 3722 4944 columem

2163 4965 2265 5010 rat.
2292 4958 2307 5020 (
2334 4954 2406 5009 De
2449 4955 2568 5009 aliis
2595 4970 2755 5024 porro
2789 4969 2950 5024 prope
2986 4954 3291 5014 innumeris
3340 4970 3719 5032 varietatibu

2164 5046 2445 5116 quaeinter
2475 5046 2810 5099 narrationes
2855 5044 2974 5096 illas
3010 5044 3410 5124 intercedunt,
3473 5062 3722 5122 brevia“

2167 5150 2327 5190 causa
2355 5135 2596 5189 consulto
2613 5134 2890 5204 tacemus.)
2907 5132 3011 5187 Pro
3036 5132 3135 5188 hac
3158 5148 3470 5206 postrema
3488 5166 3722 5214 scntenl

2169 5232 2315 5315 stant
2338 5221 2607 5315 lustinus,
2637 5225 2867 5296 Cyrillus
2891 5221 3444 5315 Hierosolymitanus
3465 5279 3482 5303 ,
3515 5242 3722 5315 Epiph.

2167 5314 2314 5378 nius,
2342 5313 2468 5368 licet
2505 5314 2558 5368 in
2586 5330 2812 5373 numero
2833 5312 3139 5369 cellularum
3167 5317 3378 5386 variet.
3416 5312 3722 5404 Chrysostc

2169 5420 2317 5466 mus,
2337 5403 2703 5471 Augustinus:
2728 5406 2922 5478 quibus
2943 5405 3212 5457 accenseri
3236 5420 3495 5473 possunt
3518 5403 3722 5479 [reum

2170 5503 2224 5549 et
2251 5493 2500 5548 Clemens
2527 5494 2947 5558 Alexandrinus,
2979 5491 3070 5561 qui
3096 5491 3222 5547 licet
3248 5496 3318 5551 de
3360 5500 3523 5561 LXX
3547 5513 3721 5567 cellul

2171 5584 2305 5640 nihil
2344 5583 2616 5649 habeant,
2655 5582 3142 5661 interpretationem
3183 5593 3377 5645 tamen
3430 5597 3587 5655 illam
3643 5604 3722 5671 Sp

2177 5676 2310 5731 ritus
2354 5676 2527 5732 sancti
2571 5677 2754 5742 afﬂatu
2776 5690 2831 5741 et
2871 5673 3220 5746 inspiratione
3260 5676 3480 5744 iactam
3529 5707 3722 5750 assere
