3878 6380
220 410 276 464 σι
1452 423 1520 474 l-N
1561 420 1876 477 HEXAPLA
1915 415 2252 478 ornamus.
3338 415 3411 469 es

197 517 412 581 nunt-3x
434 512 807 573 recentioribus
832 521 1042 572 autem
1080 521 1214 582 Leo
1239 530 1514 595 Castrius,
1542 534 1775 605 Alphon-
1805 537 1845 592 Α
1874 535 1991 601 ejus
2027 531 2346 588 auctoritate
2385 531 2587 600 abrepti
2605 571 2620 595 ,
2647 531 2982 601 explorandae
3021 531 3097 586 rel
3141 545 3210 585 ne
3249 532 3408 585 mini-

183 631 282 675 ,ιιι
331 610 594 671 Salmeron,
642 606 893 674 aliique.
950 617 1250 674 eamdem
1304 627 1624 680 sententiam
1660 641 1776 679 am-

171 708 496 780 plectuntur.
546 696 636 764 qui
685 698 1104 758 narrationem
1176 711 1451 778 Aristeze,
1503 717 1677 784 qualis
1725 715 1776 767 in

167 787 434 851 bodiernis
463 785 876 855 exemplaribus
904 789 1203 862 habetur,
1227 803 1477 859 vitiatam
1498 814 1552 859 et
1578 806 1780 859 adulte-

159 891 376 945 ntam;
423 876 640 929 alteram
689 891 830 930 vero
891 879 969 934 de
1037 888 1274 946 cellulis
1332 904 1385 948 et
1430 897 1494 947 de
1550 894 1778 947 mirabili

154 967 597 1035 interpretatione
627 981 826 1019 veram
876 985 1352 1048 germanamque
1378 997 1499 1034 esse
1524 989 1777 1049 pugnant.

237 1054 375 1115 Huic
423 1072 580 1124 porro
627 1060 946 1115 sententiae
1002 1066 1334 1138 refragatur
1386 1071 1777 1140 Hieronymus,

160 1151 271 1230 qui
300 1147 596 1200 cellularum
627 1147 952 1207 historiam
989 1159 1284 1213 mendacii
1324 1161 1522 1230 arguit,
1557 1169 1609 1213 et
1640 1159 1777 1212 LXX

174 1251 354 1304 Senes
383 1240 580 1294 aﬂlante
603 1238 866 1298 Numine
900 1246 1312 1318 interpretatos
1341 1267 1459 1306 esse
1487 1261 1660 1318 negat.
1691 1250 1778 1304 Sic

186 1341 284 1395 ille
328 1333 529 1401 prologo
577 1333 637 1386 in
686 1333 974 1389 Gcnesim
1011 1358 1026 1392 :
1088 1339 1160 1394 Et
1211 1343 1382 1394 nescio
1428 1343 1540 1411 quis
1583 1343 1777 1410 primus

199 1431 369 1483 auctor
417 1423 755 1490 septuaginta
818 1424 1064 1478 cellulas
1120 1427 1460 1480 Alexandria:
1512 1429 1778 1482 mendacio

216 1533 298 1574 suo
325 1517 669 1581 exstruxerit,
719 1519 927 1586 quibus
961 1523 1131 1575 divisi
1171 1525 1349 1576 cadent
1393 1525 1777 1592 scriptitarent,

219 1624 313 1658 cum
344 1606 587 1659 Aristaeus
609 1649 625 1673 ,
652 1607 910 1676 ejusdem
941 1611 1231 1666 Ptolomcei
1266 1613 1698 1684 ὑπερασπιστὴς,
1730 1625 1778 1666 et

224 1696 358 1748 ninlto
387 1705 498 1764 post
526 1707 766 1764 tempore
798 1699 1075 1768 Iosephus
1099 1742 1116 1766 ,
1158 1703 1288 1755 nihil
1329 1704 1431 1756 tale
1473 1704 1776 1757 retulerint:

218 1787 292 1840 sed
314 1788 362 1839 in
395 1804 494 1839 una
527 1789 764 1842 basilica
802 1803 1160 1860 congregatos
1205 1793 1480 1846 contulisse
1519 1795 1775 1857 scribant,

214 1892 299 1930 non
333 1878 696 1946 prophetasse.
741 1880 914 1932 Aliud
960 1891 1040 1934 est
1083 1883 1220 1935 enim
1257 1891 1452 1947 ratem,
1497 1884 1642 1935 aliud
1669 1900 1774 1937 esse

209 1968 538 2032 interpretem.
578 1967 670 2020 Ibi
707 1967 953 2037 Spiritus
985 1983 1206 2024 uentura
1240 1973 1512 2038 pra’di'cit;
1549 1973 1630 2024 hic
1653 1989 1774 2024 eru-

207 2054 321 2106 ditio
351 2065 397 2107 et
436 2056 732 2108 verborum
776 2060 935 2125 capia
967 2075 1028 2111 ea
1062 2075 1179 2127 qua!
1218 2061 1461 2130 intelligit
1507 2063 1769 2130 transfert.

210 2136 315 2190 Nisi
333 2138 466 2205 forte
488 2143 773 2206 putandus
803 2153 882 2195 est
919 2143 1128 2197 Tullius
1163 2143 1575 2202 (Economicum
1604 2147 1775 2202 Xeno-

205 2226 396 2291 phontis
423 2239 473 2282 et
509 2230 776 2284 Platonis
810 2231 1193 2300 Protagoram,
1218 2244 1266 2288 et
1293 2235 1646 2290 Demosthenis
1677 2253 1774 2305 pro

205 2315 578 2386 Ctesiphonte,
635 2323 856 2390 aﬂlalus
902 2323 1163 2376 rhetorico
1194 2326 1380 2392 spiritu
1425 2330 1769 2384 transtulisse.

205 2402 300 2456 Aut
347 2406 504 2459 aliter
552 2408 622 2460 de
665 2410 870 2462 eisdem
901 2409 1053 2463 libris
1093 2426 1185 2477 per
1230 2409 1588 2481 Septuaginta,
1621 2414 1774 2467 aliter

206 2508 286 2557 per
312 2498 578 2563 apostolos
614 2497 866 2567 Spiritus
904 2509 1123 2552 sanctus
1151 2503 1444 2556 testimonia
1479 2505 1638 2556 texuit
1666 2521 1685 2568 ;
1717 2514 1771 2557 ut

208 2586 334 2648 quod
362 2587 441 2638 illi
473 2599 805 2649 tacuerunt.
853 2589 910 2640 hi
953 2590 1211 2648 scriptum
1257 2608 1366 2644 esse
1411 2594 1609 2645 mentiti
1646 2595 1768 2646 sint.

210 2673 334 2739 Quae
362 2688 635 2746 postrema
683 2679 1008 2751 Hieronymi
1037 2682 1200 2735 verba
1235 2692 1291 2735 ut
1318 2683 1596 2751 intelligas,
1635 2684 1772 2758 scias

203 2779 411 2836 oportet
452 2773 625 2826 multa
677 2773 733 2825 in
768 2771 1072 2840 Scripturis
1119 2787 1238 2827 esse
1275 2789 1392 2841 quae
1434 2773 1570 2826 LXX
1604 2775 1770 2828 luter-

203 2869 381 2921 pretes
412 2861 490 2914 vel
519 2861 1004 2929 prmtermiserant
1024 2900 1040 2918 .
1074 2861 1157 2914 vel
1192 2862 1434 2916 consulto
1463 2870 1768 2926 tacuerant,

206 2957 324 3009 quae
360 2949 428 3001 ab
455 2948 896 3017 evangelistisct
927 2947 997 3000 ab
1013 2947 1270 3017 apostolis
1289 2947 1598 3003 afferuntur.
1617 2949 1768 3014 Quod

201 3035 384 3088 eodem
434 3034 676 3104 Prologo
724 3035 780 3088 in
816 3034 1075 3088 Genesim
1118 3036 1344 3088 allirmat
1384 3033 1770 3106 Hieronymus,

197 3129 250 3173 et
272 3126 472 3192 passim
493 3125 546 3177 in
566 3124 1030 3189 Commentariis,
1046 3124 1384 3193 maximeque
1403 3126 1453 3177 in
1468 3123 1766 3177 Jeremram.

200 3205 534 3267 Sententiam
569 3229 744 3282 porro
775 3213 1094 3284 Hieronymi
1121 3214 1516 3282 amplectuntur
1537 3215 1772 3286 plerique

198 3310 392 3355 omnes
430 3303 688 3358 hodierni
733 3304 937 3357 eruditi
978 3303 1123 3367 viri;
1154 3312 1207 3358 et
1248 3313 1435 3372 putant
1463 3305 1771 3359 cellularum

188 3383 504 3455 historiam,
541 3393 981 3460 mirabilemque
1008 3393 1162 3446 illum
1189 3408 1532 3460 consensum,
1565 3410 1626 3448 ac
1656 3393 1774 3463 Spi-

186 3476 332 3532 ritus
390 3481 568 3533 sancti
623 3479 919 3545 aﬂlatum,
981 3480 1207 3533 omnino
1254 3482 1590 3549 supposititia
1633 3497 1770 3548 esse.

183 3564 352 3622 Certe
391 3567 644 3621 Justinus
682 3567 896 3637 Martyr
923 3608 937 3631 ,
969 3568 1061 3637 qui
1103 3568 1312 3636 primus
1341 3569 1650 3622 cellularum
1672 3609 1687 3633 ,
1723 3578 1776 3622 et

184 3657 468 3711 mirabilis
497 3656 710 3711 Senum
743 3671 1056 3710 consensus
1085 3655 1366 3710 historiam
1401 3637 1601 3719 texuit,
1631 3657 1680 3710 id
1710 3670 1774 3710 ex

182 3755 420 3800 rumore
442 3748 588 3816 vulgi
619 3754 937 3815 acceperat,
973 3755 1034 3798 ut
1062 3746 1178 3814 ipse
1207 3747 1486 3814 proﬁtetur
1511 3748 1561 3799 in
1589 3746 1777 3798 Adme-

180 3837 396 3890 nitione
423 3839 493 3890 ad
527 3838 747 3890 Graecos
771 3851 792 3888 :
826 3836 990 3886 Αὐτοὶ
1021 3837 1078 3885 ὲν
1114 3837 1179 3903 τῇ
1209 3834 1593 3904 ,Ἀλεξανδρείᾳ
1628 3835 1776 3900 γενό-

179 3935 372 3988 μενοι,
405 3927 498 3977 καὶ
519 3925 586 3977 τὰ
615 3925 741 3995 ἴχνη
777 3923 892 3976 τῶν
933 3923 1192 3974 οἱκίσκων
1231 3923 1289 3973 ἐν
1313 3926 1378 3992 τῇ
1421 3923 1578 3991 Φάρῳ
1610 3923 1778 3993 ἑωρα-

177 4012 352 4076 κότες
373 4013 449 4066 ἔτι
471 4014 785 4084 σωζόμενα,
821 4015 917 4066 καὶ
940 4013 1094 4082 παρὰ
1113 4013 1218 4066 τῶν
1239 4015 1374 4076 ἐκεῖ,
1395 4012 1468 4074 ὡς
1492 4014 1558 4064 τὰ
1581 4013 1776 4082 πάτρια

178 4102 654 4171 παρειληφότων,·
675 4101 984 4172 ἀκηκοότες
1003 4140 1018 4164 ,
1054 4101 1224 4153 ταῦτα
1269 4101 1674 4171 ἀπαγγέλλομεν
1697 4117 1711 4132 ·
1742 4101 1778 4154 ἃ.

176 4191 288 4242 καὶ
319 4191 673 4260 παρ’ἑτέρων
705 4191 917 4257 ἔξεστιν
939 4193 1068 4260 ὑμῖν
1086 4191 1396 4260 μανθάνειν,
1431 4192 1521 4243 καὶ
1551 4191 1778 4261 μάλιστα

183 4280 330 4349 παρ’
366 4281 542 4334 αὐτῶν
584 4283 700 4336 τῶν
745 4282 876 4352 περὶ
920 4281 1130 4333 τούτων
1177 4280 1567 4350 ἱστορησάντων
1604 4281 1776 4349 σοφῶν

185 4370 291 4420 καὶ
321 4370 560 4440 δοκίμων
579 4372 819 4440 ἀνδρῶν,
850 4370 1088 4432 Φίλωνός
1118 4386 1200 4433 τε,
1247 4370 1506 4438 Ἰωσήπου
1538 4371 1630 4423 καὶ
1661 4372 1774 4423 ἑτέ-

1879 639 2024 678 mum
2047 623 2258 692 quidem
2282 637 2506 676 examen
2531 621 2780 676 habuisse
2795 624 3059 676 videntur.
3078 619 3408 690 Epiphanius

1874 730 2002 768 vero
2047 714 2138 782 qui
2189 711 2384 766 Justini
2437 711 2796 764 narrationem
2847 712 2899 764 in
2949 710 3132 764 multis
3182 713 3418 763 mutavit

1874 806 2208 874 plurimaque
2236 803 2449 872 adjecit,
2475 817 2538 855 ex
2570 801 2687 854 aliis
2718 799 3103 856 fabulatoribus
3133 811 3419 854 mutuatus

1875 903 2110 962 putatur.
2141 891 2278 946 Sane
2310 889 2676 960 primigeniam
2712 890 2933 942 Aristea:
2971 890 3248 944 historiam
3287 903 3408 942 eam

1874 999 1992 1038 esse
2024 999 2141 1051 qua:
2167 983 2320 1036 hodie
2345 983 2395 1034 in
2420 981 2755 1034 bibliothecis
2781 980 2978 1033 nostris
3001 989 3192 1044 exstat,
3218 979 3410 1033 suadet

1874 1071 2177 1140 Josephus,
2228 1072 2317 1140 qui
2364 1071 2485 1124 licet
2530 1085 2678 1130 eam,
2711 1083 2804 1136 pro
2857 1085 3001 1121 more
3049 1084 3180 1133 suo,
3231 1067 3406 1138 quoad

1877 1162 2070 1230 stylum
2113 1171 2167 1213 et
2198 1161 2386 1214 seriem
2419 1159 2471 1212 in
2512 1175 2616 1211 non
2648 1157 2833 1224 paucis
2865 1160 3182 1221 mutaverit,
3225 1156 3404 1221 quoad

1875 1268 2088 1306 sensum
2116 1262 2290 1306 tamen
2312 1261 2363 1305 et
2381 1266 2464 1304 res
2487 1261 2664 1318 gestas
2687 1265 2874 1317 presso
2891 1250 3115 1317 vestigio
3135 1251 3405 1318 sequitur;

1877 1343 2064 1396 suadet
2112 1343 2233 1394 item
2282 1341 2580 1402 Eusebius,
2617 1341 2706 1407 qui
2755 1341 3062 1408 longissima
3114 1340 3409 1396 Aristcana

1875 1433 2109 1485 lllStOl‘lic
2133 1438 2383 1500 excerpta
2407 1430 2570 1483 edidit
2599 1431 2649 1482 in
2676 1430 3062 1497 Prceparalione
3087 1430 3406 1498 evangelica:

1877 1521 2109 1587 itemque
2133 1519 2508 1588 Hieronymus,
2529 1519 2618 1586 qui
2649 1518 2868 1570 Aristcac
2891 1518 3102 1584 quidem
3129 1516 3407 1572 historiam

1875 1609 2134 1676 agnoscit,
2168 1607 2257 1661 sed
2295 1607 2650 1660 additamenta
2678 1606 2974 1674 posteriora
3009 1605 3276 1672 reprobat.

1878 1717 2009 1771 Vlll.
2049 1717 2168 1769 Post
2213 1715 2577 1784 Hieronymum
2612 1718 2862 1769 asset-itur
2897 1715 3045 1767 LXX
3087 1719 3165 1767 vel
3207 1731 3291 1768 eos
3319 1715 3410 1785 qui

1946 1786 2348 1838 Pentateuchum
2373 1789 2772 1849 transtulerunt,
2802 1801 2900 1837 non
2929 1785 3126 1852 reliqua
3156 1785 3408 1850 interpre-

1808 1853 1848 1905 B
1944 1865 2077 1908 tatas
2113 1870 2240 1907 esse.

1944 1965 2122 2017 Altera
2177 1965 2398 2032 quaestio
2423 1973 2526 2027 est,
2555 1979 2621 2016 an
2649 1961 2787 2015 LXX
2831 1962 3170 2030 lnterpretes,
3197 1963 3281 2016 vel
3313 1963 3405 2032 qui

1875 2051 2078 2121 priores
2107 2051 2434 2120 Scripturam
2467 2068 2672 2105 sacram
2698 2053 2761 2104 de
2788 2051 3048 2106 llebraico
3075 2053 3127 2105 in
3163 2052 3408 2108 Graecum

1877 2149 2272 2206 converterunt,
2307 2141 2474 2194 solam
2511 2140 2700 2208 Legem
2737 2154 2828 2193 seu
2870 2139 3307 2202 Pentateuchutn,
3335 2154 3407 2192 an

1875 2231 2108 2298 reliquos
2137 2232 2292 2285 etiam
2329 2231 2489 2282 libros
2541 2231 2865 2297 interpretati
2905 2231 3028 2282 sint.
3069 2227 3226 2282 Ratio
3251 2228 3407 2282 dubi-

1876 2323 2020 2375 tandi
2053 2324 2174 2376 hinc
2200 2323 2428 2390 primum
2455 2330 2636 2373 exorta
2662 2330 2762 2385 est,
2794 2322 2936 2388 quod
2963 2321 3052 2388 qui
3081 2319 3219 2372 LXX
3246 2318 3416 2372 Inter.

1877 2422 2081 2481 pretum
2111 2411 2388 2465 historiam
2437 2417 2736 2471 texuerunt,
2765 2408 2855 2460 alii
2881 2407 3072 2476 Legem
3105 2416 3309 2460 tantum
3335 2407 3404 2461 ab

1877 2502 1945 2554 iis
1971 2501 2149 2556 Graece
2178 2514 2485 2554 conversam
2513 2499 2712 2562 dicant,
2737 2498 2824 2550 alii
2857 2497 3129 2561 historias,
3163 2497 3251 2549 alii
3279 2496 3408 2551 Pro-

1875 2591 2082 2658 phetas,
2113 2587 2435 2656 Epiphanius
2458 2588 2716 2640 universm
2747 2585 3035 2653 Scriptura:
3057 2587 3244 2640 libros.
3279 2586 3404 2640 Ilie-

1877 2693 2129 2747 ronymns
2179 2692 2303 2730 vero
2349 2675 2628 2728 Comment.
2678 2675 2728 2726 in
2777 2673 3094 2727 Ezechielem
3143 2690 3260 2743 cap.
3293 2689 3402 2740 xw,

1875 2767 1906 2833 Ῡ
1951 2767 2035 2831 15,
2071 2767 2144 2818 ait
2181 2765 2508 2818 eruditorum
2553 2762 2634 2816 sui
2663 2763 2912 2829 temporis
2935 2762 3236 2829 opinionem
3263 2777 3402 2828 esse,

1875 2857 2019 2910 solos
2065 2855 2300 2923 quinque
2345 2853 2512 2906 libros
2562 2851 2725 2920 Moysi
2771 2866 2798 2902 a
2831 2849 2969 2902 LXX
3003 2866 3185 2904 versos
3215 2849 3402 2904 fuisse.

1875 2946 2004 3014 Ejus
2046 2945 2204 2999 verba
2250 2951 2418 2996 sunt:
2469 2941 2582 2993 Hoc
2622 2943 2674 2992 in
2721 2939 2868 2992 LXX
2901 2957 2998 2992 non
3045 2941 3280 3014 habetur,
3315 2941 3407 3010 qui

1876 3039 2097 3108 forsitan
2135 3035 2468 3088 Alexandria:
2498 3035 2547 3085 in
2584 3032 2819 3086 Gra’cum
2844 3048 3123 3084 sermonem
3163 3031 3405 3101 Scriptu-

1875 3145 1961 3181 ras
2003 3142 2065 3180 ea:
2112 3123 2366 3176 Hebraica
2417 3123 2627 3175 veritate
2681 3129 2948 3183 vertentes,
2983 3121 3263 3173 timuerunt
3312 3122 3407 3175 hoc

1873 3218 2037 3280 edere,
2068 3229 2129 3267 ne
2157 3229 2320 3280 regem
2353 3210 2568 3279 Ᾰίῃῃριὶ
2601 3209 2893 3262 viderentur
2920 3209 3194 3276 o/fendere,
3219 3211 3343 3262 dum
3372 3227 3406 3264 ο

1872 3307 1978 3360 Deo
1997 3303 2287 3358 Jerusalem
2309 3301 2536 3353 debitum
2559 3315 2766 3368 regnum
2790 3315 2897 3351 esse
2920 3308 3406 3352 commemorarent:

1872 3409 2164 3465 quanquam
2200 3391 2392 3444 eruditi
2425 3389 2562 3442 solos
2595 3390 2816 3458 quinque
2851 3388 3009 3460 libros
3041 3387 3208 3457 Moysi
3237 3389 3299 3440 ab
3329 3391 3406 3442 eis

1873 3491 2230 3556 interpretatos
2275 3499 2384 3536 esse
2433 3490 2658 3551 putant.
2704 3479 2846 3533 ldcm
2897 3494 3059 3548 porro
3100 3480 3405 3534 existimant

1872 3579 2065 3634 eruditi
2094 3575 2356 3638 hodierni,
2379 3580 2640 3642 quotquot
2665 3571 2911 3624 videlicet
2936 3570 3250 3625 llcbraicum
3279 3585 3402 3623 cum

1873 3669 2101 3723 editione
2135 3667 2244 3730 illa,
2271 3679 2390 3733 qua:
2429 3661 2774 3730 Septuaginta
2810 3660 3156 3728 Iuterpretum
3187 3661 3402 3722 dicitur,

1873 3758 2163 3810 contulere.
2192 3753 2323 3807 Nam
2355 3753 2443 3820 qui
2486 3749 2901 3804 Pentatcuchutn
2943 3758 3212 3802 verterunt
3251 3749 3405 3815 longe

1875 3848 2156 3915 peritiores
2186 3845 2350 3898 fuisse
2384 3843 2624 3894 ridentur
2655 3841 2720 3894 iis
2751 3840 2841 3906 qui
2865 3847 3082 3892 Caeteros
3117 3836 3406 3905 Scriptura

1876 3937 2038 3989 libros
2078 3935 2258 3988 Grmce
2294 3940 2419 3985 sunt
2445 3929 2770 3997 interpretati
2805 3946 2817 3980 :
2865 3932 3034 3996 stylus
3075 3928 3293 3978 omnino
3322 3927 3406 3979 di-

1876 4039 2062 4078 versus
2105 4032 2217 4086 est;
2266 4021 2424 4080 verba
2466 4031 2604 4084 saepe
2646 4017 2798 4083 longe
2835 4015 3100 4081 disparata
3131 4012 3405 4068 Hebraicis

1875 4112 2096 4165 vocibus
2150 4117 2413 4176 aptantur.
2463 4102 2742 4158 \‘arietatis
2801 4102 3108 4169 hujusmodi
3163 4103 3404 4170 exempla

1875 4202 2041 4255 multa
2071 4197 2306 4268 proferre
2337 4197 2387 4247 in
2420 4201 2664 4262 promptu
2693 4199 2833 4245 esset
2859 4207 2872 4242 :
2900 4205 3082 4243 verum
3107 4191 3231 4258 quia
3262 4205 3348 4244 res
3371 4205 3404 4243 a

1876 4289 2045 4344 doctis
2089 4288 2216 4341 viris
2255 4287 2364 4352 jam
2399 4286 2517 4339 fuse
2556 4301 2618 4338 ex
2653 4284 2893 4352 professo
2936 4281 3130 4350 agitata
3155 4280 3406 4346 fuit,.no-

1876 4379 2060 4447 bisque
2085 4377 2149 4430 ad
2183 4377 2287 4429 alia
2336 4375 2744 4444 properantibus
2787 4389 2894 4427 non
2936 4373 3062 4427 licet
3091 4373 3176 4426 his
3203 4373 3406 4427 diutius

195 4473 310 4523 ρων
341 4461 619 4516 πλειόνων.
651 4460 709 4514 ld
741 4473 828 4515 est
861 4479 876 4514 :
915 4459 1032 4528 Ipsi
1061 4461 1151 4528 qui
1190 4459 1523 4514 Alexandria:
1559 4461 1772 4528 fuimus,
1805 4473 1849 4526 ι)
1879 4469 2173 4531 immorari,
2201 4466 2520 4520 destinatum
2552 4465 2820 4532 carpimus
2843 4463 2961 4516 iter.

195 4561 248 4598 et
289 4551 508 4619 vestigia
541 4550 1001 4603 domum-ulmum
1045 4550 1099 4601 in
1134 4547 1313 4601 Pharo
1359 4549 1524 4602 adhuc
1567 4551 1775 4603 residua

191 4635 447 4700 vidimus,
481 4647 531 4690 et
561 4639 626 4690 ab
662 4637 883 4700 incolis,
921 4638 1015 4705 qui
1053 4652 1160 4688 rem
1190 4652 1223 4688 a
1257 4636 1542 4704 majoribus
1571 4655 1776 4706 accepe-

188 4729 317 4774 ναίει
340 4761 356 4784 ,
403 4724 742 4787 audiuimus,
775 4724 890 4777 hare
937 4723 1324 4776 annuntiamus
1348 4736 1368 4772 :
1413 4739 1527 4792 qua:
1563 4741 1626 4778 ea:
1654 4726 1774 4778 aliis

183 4824 400 4878 quoque
439 4816 674 4868 ediscere
705 4815 935 4884 potestis
958 4853 976 4878 ,
1003 4829 1070 4866 ac
1109 4814 1438 4882 potissimum
1467 4832 1530 4868 ea:
1557 4819 1622 4871 iis
1645 4859 1660 4883 ,
1689 4820 1776 4887 qui

189 4900 310 4953 lucc
329 4914 730 4969 enarrarerunt,
754 4903 1008 4967 Philone,
1027 4901 1260 4970 Josepho
1284 4901 1500 4971 aliisque
1521 4907 1772 4972 pluribus.

199 4985 340 5046 llinc
368 5007 498 5046 sane
530 4994 848 5062 conspicias
878 5009 948 5046 ex
982 4991 1240 5059 populari
1269 4989 1406 5044 fama
1437 4992 1581 5062 loqui
1611 4995 1774 5051 Justi-

207 5095 332 5133 num
382 5083 675 5153 Martyrem
704 5124 719 5147 ,
761 5099 893 5137 cum
950 5083 1023 5134 de
1073 5081 1282 5134 cellulis
1323 5089 1373 5133 et
1407 5082 1469 5135 de
1516 5086 1776 5143 miraculo

217 5175 358 5221 tanto
398 5173 557 5225 verba
607 5172 778 5235 facit;
819 5185 956 5222 nam
992 5165 1160 5218 Philo
1211 5174 1264 5216 et
1307 5162 1562 5233 Iosephus
1587 5209 1601 5233 ,
1640 5186 1776 5240 quos

222 5258 416 5328 allegat,
436 5277 501 5316 ne
528 5262 763 5315 verbum
788 5259 1027 5328 quidem
1056 5255 1126 5307 de
1155 5252 1354 5306 cellulis
1376 5264 1426 5308 et
1449 5257 1515 5310 de
1542 5261 1777 5316 mirabili

221 5347 543 5416 interpretum
577 5363 868 5405 consensu
909 5345 1150 5397 habent.
1188 5339 1454 5398 Probabile
1483 5347 1652 5415 igitur
1695 5360 1779 5406 est

218 5435 465 5492 lustinum
499 5455 565 5495 ea
603 5453 733 5508 quae
761 5436 836 5489 de
864 5429 1097 5486 cellulis
1129 5427 1304 5490 tradit,
1335 5443 1393 5481 ex
1428 5432 1616 5487 iisdem
1649 5435 1777 5490 fon-

215 5530 335 5586 tibus
359 5533 654 5601 accepisse,
685 5542 756 5580 ex
787 5521 1014 5592 quibus
1039 5523 1316 5581 acceperat
1340 5515 1684 5576 Ptolemaeum
1709 5526 1779 5580 ab

204 5621 385 5678 Herode
409 5622 736 5678 Judmorum
777 5625 922 5679 rege
964 5605 1289 5672 interpretes
1327 5612 1582 5666 vertendis
1619 5611 1779 5668 Scri-

203 5715 343 5775 Wn-s
372 5713 545 5777 εδει-ί,
571 5704 943 5782 postulasse.
977 5692 1086 5758 Qui
1123 5689 1379 5747 Iustinum
1410 5702 1572 5755 secuti
1610 5715 1776 5774 sunt,

1875 4569 1962 4622 1X.
1993 4569 2175 4622 Utrum
2219 4571 2434 4621 Aristeaz
2465 4568 2770 4636 primigenia
2812 4566 3030 4620 historia
3064 4583 3181 4620 nera
3213 4567 3302 4628 sit,
3335 4583 3404 4620 an

1942 4639 2157 4706 conﬁcta
2171 4647 2218 4690 et
2235 4638 2584 4706 supposititia,
2603 4637 2892 4704 a/Ieruntur
2914 4645 3214 4704 argumenta
3236 4637 3406 4689 utrin-

1942 4723 2056 4776 que.

1944 4817 2120 4871 Tertia
2161 4815 2372 4870 demum
2401 4814 2648 4882 quaestio,
2681 4813 2874 4883 illaque
2917 4813 3231 4882 gravissima
3259 4823 3341 4869 est
3385 4833 3400 4869 :

1874 4924 2001 4962 num
2048 4907 2266 4961 Aristeas
2295 4905 2548 4970 llistoria,
2577 4907 2688 4960 sive
2721 4906 2807 4958 illa
2850 4919 2968 4972 qum
3000 4904 3109 4972 jam
3151 4904 3268 4973 ejus
3305 4920 3405 4959 no-

1873 5000 2016 5051 mine
2042 4995 2431 5058 circumfertur,
2467 4997 2854 5062 doctorumque
2899 4994 3147 5047 manibus
3180 4995 3418 5058 teritur;.

1875 5081 1984 5136 sive
2023 5081 2111 5132 illa
2148 5095 2264 5147 qua:
2308 5095 2428 5133 cum
2472 5079 2848 5134 additamentis
2876 5087 2929 5132 et
2957 5081 3338 5136 mutationibus
3366 5096 3399 5135 a

1873 5169 2104 5233 Justino,
2128 5169 2210 5222 vel
2238 5169 2304 5221 ah
2335 5168 2632 5238 Epiphanio
2664 5167 2902 5233 all‘crtur,
2926 5183 3050 5222 vera
3078 5183 3142 5222 ac
3172 5169 3400 5232 sincera,

1874 5274 1940 5312 an
1982 5274 2108 5313 vero
2156 5260 2382 5312 conﬁcta
2428 5267 2481 5312 et
2529 5258 2860 5326 supposititia
2911 5258 3002 5314 sit.
3044 5258 3178 5312 Cum
3223 5265 3401 5311 autem

1873 5349 2246 5402 additamentis
2268 5349 2370 5401 illis
2403 5347 2558 5401 ﬁdem
2582 5362 2701 5403 esse
2725 5348 3085 5418 denegandam
3105 5349 3214 5415 jam
3241 5361 3401 5413 supra

1874 5439 2293 5492 demonstratum
2317 5437 2405 5500 sit,
2428 5445 2594 5490 restat
2616 5446 2673 5492 ut
2693 5437 2758 5493 de
2773 5438 3099 5506 primigenia:
3113 5435 3400 5486 Aristeauae

1876 5527 2118 5581 Historia
2144 5527 2244 5579 lide
2267 5541 2406 5579 nunc
2430 5541 2670 5594 agamus.
2705 5526 2986 5582 Historiam
3014 5527 3156 5578 illam
3182 5533 3401 5590 prorsus

1880 5615 2113 5669 lictitiam
2157 5621 2210 5669 et
2242 5615 2660 5694 commentitiam
2682 5632 2813 5694 esse
2856 5621 3091 5683 pugnant
3121 5606 3269 5662 multi
3297 5603 3398 5654 viri

1878 5703 2167 5767 doctissimi
2203 5722 2214 5754 :
2245 5719 2312 5761 ex
2344 5687 2632 5762 catholicis
2665 5687 2921 5762 llenricus
2956 5699 3216 5755 Valesius.
3239 5703 3396 5747 auem
