3878 6378
575 404 649 463 σε
1874 398 2383 455 ρκΑεωιιΝΑηιΑ

577 523 818 594 sequitur
857 520 1085 575 Joannes
1129 517 1271 570 Bona
1327 515 1630 581 cardinalis,
1671 516 1904 585 itemque
1945 486 2094 586 Ὰέςί-
2126 524 2169 578 Α
2261 514 2534 569 Laudatur
2584 512 2851 568 Ptolemaei
2898 516 3177 585 Evergetis
3222 515 3377 583 (non
3425 506 3694 564 Philadel

578 615 701 667 dius
724 609 990 678 Menagius
1010 615 1061 660 et
1086 606 1209 669 alii;
1235 620 1300 659 ex
1327 605 1664 659 heterodoxis
1689 604 1952 672 Iosephus
1976 606 2099 659 Sca-

580 702 729 768 liger,
756 696 1076 752 Humfredns
1100 694 1248 765 llody
1271 693 1322 747 in
1348 694 1708 748 eruditissimo
1737 708 1894 761 opere
1920 705 2098 748 contra

580 788 871 842 Historiam
898 786 1131 846 Aristew,
1159 793 1213 838 et
1236 785 1523 838 novissime
1552 784 1811 838 Antonius
1840 783 1950 837 Van
1977 786 2099 840 Dale

576 880 628 933 in
678 875 1052 928 Dissertatione
1106 890 1258 942 super
1303 873 1540 927 Historia
1596 875 1860 937 Aristew;
1905 875 2099 943 aliique

573 964 981 1035 quamplurimi.

640 1054 826 1107 Primo
871 1053 1068 1107 dicitur
1098 1051 1358 1106 Aristeam
1392 1051 1559 1115 illum,
1587 1051 1679 1120 qui
1724 1066 1781 1105 sc
1809 1062 1862 1104 et
1884 1059 2004 1104 ortu
2049 1060 2102 1105 et

572 1143 886 1213 parentibus
934 1142 1173 1197 Graecum
1214 1158 1330 1198 esse
1370 1144 1551 1212 tingit,
1593 1157 1711 1197 esse
1756 1142 1897 1196 haud
1942 1142 2103 1197 dubie

571 1233 819 1288 Judaaum
859 1231 1223 1296 Hellenistam,
1252 1243 1309 1287 ut
1336 1234 1685 1302 comprobant
1717 1232 1848 1286 bene
1884 1233 2046 1285 multa
2084 1251 2097 1286 :

574 1321 803 1391 exempli
852 1336 1016 1376 causa
1064 1320 1404 1376 Iudaicarum
1450 1324 1621 1391 legum
1684 1322 1837 1391 plena
1891 1322 2099 1383 notitia,

578 1411 738 1466 unius
778 1412 870 1465 Dei
904 1412 1159 1481 cognitio,
1201 1412 1343 1467 nulla
1367 1413 1591 1467 admista
1631 1412 1918 1479 Serapidis,
1950 1411 2102 1465 lsidis

577 1501 931 1569 aliorumque,
959 1502 1049 1570 qui
1083 1510 1193 1555 tum
1234 1502 1464 1556 maxime
1489 1501 1820 1556 Alexandriae
1860 1502 2105 1555 coleban-

577 1599 684 1655 tur,
725 1591 944 1644 deorum
979 1592 1502 1645 commemoratione.
1538 1590 1592 1643 In
1638 1591 1751 1659 ipsa
1802 1591 2105 1645 narratione

578 1674 877 1732 Hebraismi
902 1678 1116 1746 plurimi
1140 1689 1426 1733 occurrunt
1445 1697 1458 1733 :
1478 1695 1595 1748 quae
1620 1680 1799 1734 omnia
1830 1688 2103 1734 auctorem

578 1780 703 1819 vere
726 1764 967 1820 Judaeum
997 1767 1247 1836 produnt.

2196 616 2254 658 ut
2277 605 2491 674 quidam
2534 602 2736 675 dixere)
2768 602 3083 670 liberalitas,
3117 603 3279 672 quod
3319 598 3675 667 Sophoclis,

2195 694 2380 763 ripidis
2428 703 2481 747 et
2532 692 2771 762 Esehyli
2824 694 3155 762 exemplaria
3205 692 3284 745 ab
3347 687 3694 742 Atheniens

2196 790 2488 848 mutuatus,
2516 789 2574 836 ut
2603 782 2828 836 exscribi
2853 792 3087 846 curaret,
3117 779 3450 834 reservatis
3481 777 3602 832 sibi
3632 791 3694 829 ea

2196 876 2449 944 plarihus,
2474 875 2776 943 apographa
2816 875 3179 942 pulcherrima
3226 868 3594 933 reddiderit,
3625 867 3694 920 sit

2197 979 2300 1032 que
2328 979 2590 1017 summam
2639 964 2942 1032 quindecim
2990 963 3381 1022 talentorum,
3420 972 3613 1027 quam
3652 957 3694 1008 A

2198 1054 2471 1107 niensibus
2494 1053 2951 1122 oppigneraverat,
3000 1054 3067 1107 iis
3117 1053 3173 1106 in
3226 1050 3503 1121 gratiam
3560 1047 3696 1101 bent

2198 1142 2488 1210 reliquerit.
2518 1140 2657 1194 Sane
2684 1141 2987 1209 quindecim
3018 1142 3387 1195 talentorum
3424 1151 3670 1192 summa

2199 1231 2453 1299 temporis
2485 1233 2661 1300 magni
2705 1230 3031 1295 habebatur;
3064 1241 3121 1284 at
3149 1228 3298 1300 quid
3343 1228 3524 1282 dicas
3560 1227 3641 1291 si,
3678 1242 3696 1280 (

2199 1323 2399 1391 putatis
2431 1324 2679 1377 omnibus
2709 1339 2827 1391 qua:
2854 1337 2950 1391 pro
2980 1319 3382 1389 adipiscendis
3416 1318 3605 1388 Legis
3642 1332 3696 1371 ei

2200 1409 2434 1477 plaribus
2482 1425 2512 1463 a
2552 1409 2900 1478 Philadelpho
2945 1423 3185 1477 expensa
3238 1418 3417 1469 sunt,
3454 1405 3696 1474 captivo

2204 1501 2442 1555 videlicet
2494 1500 2682 1568 pretio,
2734 1500 2889 1554 donis
2932 1498 3242 1563 Eleazaro,
3306 1498 3569 1565 templo,
3628 1512 3692 1549 se

2201 1588 2417 1642 cuilibet
2448 1588 2657 1649 oblatis,
2688 1588 2805 1655 plus
2832 1601 2992 1655 quam
3020 1586 3170 1640 mille
3195 1586 3623 1639 ducentorum
3653 1591 3696 1635 ιε

2201 1686 2377 1732 torum
2400 1692 2661 1731 summam
2694 1677 2968 1745 reperias?
2994 1676 3195 1727 Annon
3234 1673 3611 1727 exhaustam
3666 1688 3696 1740 p

2203 1782 2383 1836 gazam
2406 1767 2602 1835 regiam
2628 1766 2858 1820 inferas?
2876 1764 3045 1820 Nemo
3075 1763 3382 1834 negaverit
3412 1764 3546 1816 haec
3574 1762 3696 1815 fabr

652 1856 916 1909 Praeterea
960 1856 1245 1925 objicitur,
1292 1856 1612 1912 Demetrium
1659 1856 1971 1913 Phalereum
2021 1859 2107 1913 hic
2136 1852 2178 1905 Β
2209 1871 2414 1925 sapere.

578 1940 761 1998 induci
783 1945 1118 2000 bibliothecae
1143 1949 1300 2018 regia:
1326 1948 1591 2003 Ptolemaei
1622 1948 1953 2018 Philadelphi
1982 1966 2111 2018 prm-

578 2029 815 2096 fectum,
866 2047 986 2086 cum
1043 2042 1215 2087 tamen
1270 2033 1585 2103 Hcrmippus
1640 2036 1780 2105 apud
1827 2035 2110 2106 Diogenem

579 2122 851 2178 Laertium
878 2133 1074 2188 narret,
1102 2125 1422 2180 Demetrium
1445 2126 1758 2181 Phalereum
1783 2127 2111 2198 transfugam

578 2213 717 2282 apud
748 2212 1091 2268 Ptolemaeum
1127 2214 1366 2270 Soterem
1397 2215 1525 2285 Lagi
1559 2216 1747 2279 lilium,
1784 2232 1904 2270 cum
1930 2216 2111 2272 Ptole-

579 2316 713 2357 maeo
758 2301 1107 2373 Philadelpho
1152 2305 1460 2360 adversatus
1500 2316 1680 2368 esset,
1724 2315 1842 2375 post
1888 2318 2110 2362 mortem

579 2389 792 2460 Lagida:
835 2407 866 2447 a
898 2392 1249 2462 Philadelpho
1298 2396 1582 2464 relegatum
1615 2394 1802 2460 fuisse,
1839 2404 1892 2449 et
1928 2412 2111 2451 morsu

578 2482 779 2550 aspidis
820 2482 1040 2539 obiisse.
1087 2484 1167 2537 Ad
1194 2484 1306 2538 hmc
1337 2483 1635 2539 Demetrius
1678 2486 1765 2540 ille
1791 2485 2106 2551 Phalereus,

582 2570 744 2623 homo
770 2569 1208 2636 facundissimus,
1239 2582 1293 2626 et
1322 2588 1418 2627 sua
1462 2581 1614 2626 aetate
1640 2573 1829 2627 Atticae
1853 2574 2109 2642 eloquen-

580 2658 669 2713 tiae
712 2659 867 2714 facile
912 2660 1197 2731 princeps;
1242 2662 1391 2731 isque
1432 2663 1649 2717 deorum
1695 2662 1885 2728 cultor,
1937 2663 2113 2730 pravis

580 2749 824 2805 moribus
854 2749 1089 2818 luxuque
1120 2751 1387 2820 perditus;
1421 2751 1508 2806 hic
1537 2752 1604 2804 ab
1642 2752 1849 2805 Aristea
1894 2752 2113 2805 exhibe-

581 2847 668 2893 tur
723 2839 811 2893 vix
864 2838 1046 2895 Grzece
1101 2840 1210 2894 imo
1259 2841 1487 2896 barbare
1537 2841 1761 2910 loquens
1795 2840 1847 2893 in
1891 2839 2112 2908 epistola

582 2941 741 2998 quam
792 2929 977 2985 scribit
1027 2930 1092 2984 ad
1124 2929 1555 2999 Philadelphum;
1596 2929 1757 2984 unius
1783 2929 1874 2983 Dei
1919 2930 2111 2995 cultor,

582 3028 764 3088 utpote
789 3021 879 3089 qui
915 3017 1256 3074 Hebraeorum
1291 3021 1460 3089 legem
1504 3035 1599 3089 pro
1631 3020 1808 3073 divina
1845 3020 2113 3072 omnium-

2276 1944 2465 1997 Mirum
2499 1942 2656 1996 etiam
2698 1943 2942 1998 videatur
2980 1956 3087 2010 quo
3112 1950 3289 2011 pacto
3343 1940 3680 1997 Eleazarus

2207 2050 2272 2089 ex
2317 2034 2539 2104 singulis
2588 2033 2830 2087 tribubus
2878 2034 3043 2095 viros,
3079 2047 3271 2095 senes,
3335 2033 3493 2087 bene
3540 2048 3696 2087 mor:

2208 2126 2410 2186 doctos,
2447 2122 2601 2190 Legis
2644 2121 3015 2190 peritissimos,
3067 2130 3121 2175 et
3149 2129 3481 2189 utramque
3537 2121 3698 2189 lingu

2209 2213 2480 2267 liebraeam
2502 2211 2702 2267 scilicet
2726 2221 2778 2265 et
2804 2211 3066 2276 Graecam,
3099 2212 3371 2279 apprime
3404 2211 3693 2266 callentes

2208 2312 2422 2372 paratos
2456 2309 2509 2355 et
2539 2300 2605 2355 ad
2639 2315 2855 2353 manum
2906 2300 3179 2364 habuerit,
3216 2309 3288 2353 ut
3323 2310 3576 2370 rogatus
3628 2308 3698 2353 st:

2209 2394 2435 2459 miserit,
2472 2406 2594 2445 cum
2623 2399 2798 2444 tamen
2823 2389 3059 2444 Eloazari
3091 2398 3379 2460 tempore,
3418 2391 3511 2445 vel
3543 2390 3698 2444 nulla

2210 2484 2418 2538 modica
2451 2483 2683 2536 tribuum
2718 2481 2991 2534 distinctio
3020 2479 3193 2535 fuisse
3227 2480 3540 2535 credatur.

2276 2574 2357 2627 Ad
2384 2574 2496 2626 haac
2520 2570 2793 2624 victoriam
2829 2570 2973 2622 illam
3002 2570 3071 2623 de
3095 2569 3396 2641 Antigono
3430 2578 3697 2640 reportat

2210 2663 2391 2729 eodem
2433 2670 2667 2729 tempore
2694 2676 2800 2727 quo
2831 2658 3017 2712 LXXII
3046 2675 3209 2715 senes
3246 2661 3675 2716 Alexandriam

2208 2767 2419 2817 venere,
2451 2762 2507 2804 ut
2535 2759 2716 2803 narrat
2750 2750 3012 2815 Aristeas,
3049 2760 3269 2805 certum
3301 2761 3408 2807 est.
3445 2752 3646 2805 multis
3682 2766 3698 2804 ε

2210 2842 2385 2904 annis,
2415 2847 2668 2909 regnante
2693 2840 2932 2894 videlicet
2959 2839 3259 2896 Ptolemaeo
3292 2842 3440 2912 Lagi
3472 2842 3595 2897 tilio
3626 2856 3694 2895 co

2211 2932 2370 3001 gisse.
2424 2928 2561 2984 Sunt
2606 2937 2660 2982 et
2698 2930 2799 2982 alia
2845 2929 3009 2983 multa
3059 2945 3185 2998 qua:
3227 2942 3443 2986 contra
3493 2932 3698 2985 Ariste:

2211 3021 2447 3075 historia:
2471 3019 2832 3073 sinceritatem
2864 3017 3163 3072 afferuntur
3189 3037 3203 3073 :
3234 3030 3295 3074 at
3323 3028 3634 3089 postquam
3662 3034 3697 3089 p

581 3124 686 3177 que
706 3108 1043 3164 sanctissima
1074 3111 1281 3174 habeat,
1306 3118 1360 3163 et
1388 3109 1532 3164 diras
1564 3110 1880 3178 imprecetur
1918 3109 1986 3165 iis
2016 3109 2109 3178 qui
2147 3172 2178 3178 _
2210 3107 2366 3176 cipua
2411 3107 2464 3160 in
2509 3106 2742 3159 medium
2788 3104 3131 3170 adduximus,
3164 3110 3238 3161 ab
3271 3110 3406 3164 aliis
3436 3123 3698 3163 recenset.

583 3172 636 3252 iii
684 3199 1033 3255 translatione
1067 3172 1860 3269 LXXIIinterpretum-aliquid
1893 3172 2108 3263 addere,
2135 3172 2180 3233 (ἶ
2208 3172 2505 3265 compendii
2531 3210 2691 3250 causa
2722 3195 3096 3249 abstinendum
3129 3208 3425 3265 putamus.

583 3285 666 3339 vel
694 3286 924 3349 demere,
961 3289 1043 3343 vel
1073 3289 1356 3343 immutare
1395 3289 1510 3343 ausi
1542 3288 1756 3342 fuerint.
1785 3287 1954 3341 Erunt
2001 3287 2112 3342 for-

586 3386 730 3429 tasse
761 3377 853 3446 qui
886 3377 1013 3432 huic
1054 3388 1367 3448 argumento
1395 3380 1602 3433 occurri
1632 3394 1788 3447 posse
1831 3379 2110 3447 putabunt,

583 3477 650 3517 ex
682 3462 892 3520 Cosma‘
918 3466 1148 3538 Egyptii
1187 3483 1355 3537 nuper
1378 3484 1407 3521 a
1449 3468 1602 3522 nobis
1629 3468 1756 3522 editi
1791 3477 2027 3521 narratu.
2061 3466 2112 3523 Is

584 3555 726 3609 enim
776 3556 832 3609 in
878 3555 1237 3627 Topographia
1268 3555 1587 3621 Christiana,
1612 3571 1771 3625 quam
1811 3555 2112 3614 Justiniano

586 3644 880 3712 imperante
923 3646 1106 3711 edidit,
1136 3661 1241 3699 non
1288 3645 1611 3700 Demetrium
1657 3645 1992 3711 Phalereum,
2019 3645 2113 3701 sed

586 3732 925 3805 Tryphonem
953 3726 1266 3790 Phalereum
1313 3735 1413 3789 sub
1458 3734 1741 3790 Ptolemazo
1768 3734 2113 3806 Philadelpho

584 3823 919 3879 bihliothecaa
945 3826 1102 3895 regiae
1136 3827 1407 3880 custodem
1456 3824 1623 3881 fuisse
1666 3825 1795 3880 dicit
1824 3844 1839 3879 :
1866 3842 1971 3896 qua
2014 3829 2113 3882 ad-

585 3911 748 3967 missa
782 3914 1027 3980 lectione,
1060 3914 1258 3969 cadunt
1301 3916 1482 3969 omnia
1507 3914 1596 3968 illa
1638 3924 1967 3985 argumenta,
1995 3931 2114 3986 quae

582 4011 760 4057 stante
800 4002 1070 4058 Demetrio
1116 4003 1373 4060 Phalereo
1400 4003 1628 4074 alicujus
1655 4005 1907 4060 momenti
1938 4015 2109 4062 erant.

583 4090 654 4143 At
682 4088 810 4157 quid
845 4090 1015 4144 valeat
1040 4091 1217 4147 hacin
1246 4107 1304 4146 re
1326 4093 1604 4162 scriptoris
1627 4095 1808 4156 unius,
1828 4103 1881 4147 et
1899 4093 2112 4162 quidem

585 4176 856 4234 inferioris
885 4180 1004 4246 aevi,
1038 4181 1420 4248 testimonium,
1450 4182 1665 4251 quando
1697 4196 1883 4236 omnes
1912 4197 1943 4236 a
1976 4183 2117 4251 prin-

585 4265 747 4335 cipio,
784 4268 877 4335 qui
915 4268 1178 4322 Aristeam
1218 4269 1527 4334 meminere,
1562 4269 1884 4323 Demetrium
1929 4268 2116 4324 Phale—

585 4371 737 4411 reum
756 4357 972 4412 habent.
986 4359 1140 4414 Certe
1158 4359 1288 4414 nulli
1308 4359 1526 4414 dubium
1551 4374 1672 4414 esse
1690 4369 1861 4429 potest
1881 4360 2113 4429 primum

585 4445 736 4501 illum
777 4445 1039 4501 Aristeam
1063 4487 1079 4514 ,
1132 4446 1452 4502 Demetrium
1500 4447 1808 4504 Phalereum
1852 4449 1977 4503 item
2013 4451 2111 4506 ha-

585 4537 789 4592 buisse.
843 4535 1020 4602 Quare
1075 4535 1300 4593 Cosmas
1361 4538 1643 4609 Egyptius
1709 4541 1794 4593 vel
1852 4540 2111 4595 memoria

585 4626 769 4697 lapsus
800 4636 901 4693 est,
934 4628 1015 4681 vel
1040 4627 1254 4682 aliunde
1282 4643 1515 4682 errorem
1540 4639 1622 4683 est
1646 4637 1937 4683 mutuatus.

652 4714 761 4771 Nec
785 4716 946 4771 modo
972 4716 1292 4770 Demetrium
1315 4716 1651 4780 Phalereum,
1685 4718 1777 4772 sed
1800 4717 1956 4770 etiam
1986 4716 2112 4772 Pto-

584 4803 827 4859 lemaeum
859 4806 1035 4875 ipsum
1076 4805 1499 4876 Philadelphum,
1538 4805 1761 4860 fratrum
1809 4806 2113 4861 interfecto-

584 4905 721 4956 rem,
761 4896 963 4951 sororis
1007 4896 1321 4967 conjugem,
1366 4897 1521 4967 cujus
1565 4897 1833 4959 mollities,
1877 4896 2109 4963 luxuria,

586 4980 808 5048 scelera,
839 4983 905 5036 ab
931 4984 1200 5041 historicis
1223 4986 1575 5052 celebrantur,
1606 4986 1674 5039 ita
1697 4986 1843 5054 pium
1873 4984 2112 5055 legisque

522 5128 527 5133 ,
585 5069 834 5125 llosaica:
874 5074 1129 5129 cultorem
1172 5076 1387 5132 exhibet
1408 5076 1665 5141 Aristeas,
1699 5083 1759 5128 ut
1791 5089 1972 5143 regem
2003 5074 2109 5130 Da-

583 5160 758 5214 videm
814 5161 899 5215 vel
942 5161 1220 5220 Ezechiam
1266 5167 1433 5223 dicas.
1486 5165 1536 5221 ls
1583 5165 1772 5221 allatas
1816 5165 1919 5219 sibi
1956 5163 2111 5233 Legis
2159 5175 2165 5181 ‘

584 5249 945 5312 membranas,
980 5258 1126 5306 tanta
1176 5258 1513 5312 veneratione
1564 5263 1880 5326 prosecutus
1917 5266 2018 5320 est,
2053 5265 2111 5311 ut

582 5339 780 5408 septies
820 5339 1082 5407 adoraret,
1116 5357 1179 5397 ac
1216 5360 1324 5413 prae
1352 5348 1546 5417 gaudio
1574 5350 1978 5418 lacrymaretur.
2004 5346 2109 5402 Pa-

583 5443 695 5480 rem
738 5441 864 5497 erga
909 5428 1073 5498 legem
1112 5429 1395 5489 Mosaicam
1433 5438 1634 5492 cultum
1666 5437 1917 5491 exhibent
1942 5435 2108 5491 Graeci

582 5529 791 5582 omnes,
822 5527 1083 5587 quotquot
1101 5518 1154 5573 in
1178 5521 1452 5579 Aristeana
1473 5525 1704 5581 Historia
1729 5535 2108 5593 memorantur,

587 5618 645 5661 ut
677 5609 814 5663 mira
839 5611 1257 5680 metamorphosi
1289 5615 1477 5670 credas
1514 5632 1700 5674 omnes
1744 5616 1990 5688 qui‘huie
2016 5632 2110 5672 ne-

589 5698 732 5768 gotio
762 5699 1052 5769 intersunt,
1077 5701 1355 5773 derepente
1381 5708 1675 5776 preselytos
1702 5708 1869 5768 factos
1902 5722 2038 5765 esse.

2276 3287 2380 3341 Alii
2415 3301 2512 3355 pro
2555 3286 2777 3341 Aristeas
2818 3284 3052 3341 llistoria
3094 3298 3273 3356 stant,
3304 3290 3552 3359 ejusque
3577 3306 3700 3359 γνηε

2208 3394 2342 3447 τητα
2366 3390 2697 3445 propugnare
2726 3377 2972 3429 nituntur
2997 3394 3010 3429 :
3039 3391 3104 3430 ex
3136 3378 3487 3445 Catholicis,
3516 3380 3699 3433 Set-ari

2210 3468 2522 3528 Gretscrus,
2564 3463 2763 3519 Paulus
2812 3464 3143 3532 Pezronius,
3199 3469 3487 3538 multique
3542 3470 3678 3535 alii;

2210 3555 2569 3619 hcterodoxis,
2602 3554 2828 3609 Brianus
2854 3554 3166 3624 Waltonus,
3195 3556 3363 3613 Isaac
3400 3557 3658 3621 Vossius,
3679 3574 3700 3610 a

2209 3658 2313 3713 que
2340 3642 2575 3712 insignes
2602 3643 2722 3696 viri.
2756 3641 2871 3697 Non
2903 3642 3135 3697 referam
3185 3657 3597 3717 argumentum
3643 3662 3699 3714 (ιι

2209 3750 2275 3787 ex
2321 3732 2536 3787 Patrum
2574 3733 2878 3788 testimonio
2909 3734 2975 3786 ad
3021 3736 3311 3790 tutandam
3344 3736 3659 3791 Aristeana'.
3692 3735 3700 3787 l

2210 3824 2389 3879 Storia:
2416 3823 2689 3878 veritatem
2718 3824 2935 3893 quidam
2958 3824 3209 3880 afferunt.
3230 3824 3376 3881 Nam
3401 3842 3532 3881 cum
3557 3824 3661 3879 SS.
3686 3823 3700 3876 l

2210 3923 2319 3969 tres
2341 3913 2604 3981 Justinus,
2631 3915 2881 3978 Irenaeus,
2916 3913 3187 3981 Clemens,
3214 3917 3467 3988 Cyrillus
3503 3914 3700 3971 Jeroso

2210 4005 2464 4071 mitanus,
2493 4020 2610 4060 eam
2639 4006 2904 4074 praecipue
2931 4005 3092 4075 hujus
3118 4006 3383 4063 Historiae
3414 4018 3633 4077 partem
3667 4021 3700 4075 p

2208 4111 2444 4166 pugnare
2471 4095 2766 4158 videantur,
2790 4110 2910 4164 qua:
2939 4096 3163 4164 respicit
3186 4096 3443 4164 cellulas,
3469 4096 3700 4150 mirabil

2213 4187 2410 4240 Senum
2450 4185 2504 4238 in
2551 4184 2948 4253 interpretando
2997 4201 3334 4242 consensum
3364 4227 3380 4253 ,
3433 4196 3490 4242 et
3542 4186 3700 4256 Spirit

2211 4275 2380 4329 sancti
2425 4272 2689 4338 alllatum;
2721 4287 2883 4341 quam
2912 4280 3090 4327 tamen
3127 4285 3342 4343 partem
3383 4283 3444 4328 ut
3481 4276 3700 4342 supposi

2211 4364 2340 4418 tiam
2366 4372 2420 4418 et
2454 4362 2692 4431 spuriam
2729 4376 2852 4417 cum
2883 4363 3008 4418 divo
3039 4364 3378 4432 Hieronymo
3406 4363 3646 4433 aliisque
3683 4380 3699 4414 ι

2142 4485 2185 4539 D
2212 4455 2313 4509 ctis
2345 4452 2646 4522 rejecimus,
2669 4466 2776 4506 non
2801 4460 2978 4521 potest
3009 4452 3095 4506 hic
3121 4467 3219 4521 pro
3258 4456 3574 4509 Aristeanae
3599 4452 3694 4505 His

2209 4543 2303 4598 ria:
2324 4540 2632 4595 defensione
2652 4538 2872 4594 Patrum
2900 4540 3112 4594 illorum
3142 4543 3455 4597 auctoritas
3478 4542 3700 4611 opponi.

2279 4630 2472 4685 Verum
2495 4629 2637 4684 aliud
2669 4629 2725 4683 in
2754 4630 2988 4684 medium
3011 4629 3304 4696 adducam,
3341 4631 3493 4701 quod
3532 4646 3666 4685 sane
3691 4645 3700 4670 ι

2208 4720 2526 4775 lidissimum
2551 4726 2766 4788 putatur
2803 4735 2835 4774 a
2867 4720 3068 4775 multis.
3118 4719 3392 4787 Aristeas,
3429 4730 3491 4775 ut
3523 4721 3700 4774 oculat

2209 4811 2361 4867 testis
2386 4825 2497 4865 rem
2524 4826 2622 4866 suo
2651 4820 2909 4881 tempore,
2941 4813 3104 4879 seque
3160 4820 3435 4877 praesente
3478 4820 3697 4881 partesq

2207 4917 2333 4957 suas
2362 4908 2567 4971 agente,
2592 4911 2793 4972 gestam
2814 4911 3058 4966 enarrat;
3118 4914 3260 4965 rem,
3315 4903 3564 4971 inquam,
3595 4916 3694 4969 usq

2207 4993 2340 5047 adeo
2366 4992 2625 5061 insignem
2658 5002 2711 5048 et
2736 4992 3080 5064 singularem,
3117 4999 3177 5043 ut
3206 4993 3529 5048 necessario
3566 4991 3700 5045 dcbu

2208 5082 2278 5136 rit
2307 5081 2546 5136 omnium
2584 5097 2675 5137 ore
2703 5083 2979 5146 celebrari,
3010 5094 3109 5134 nec
3135 5077 3298 5137 facile
3347 5098 3413 5137 ex
3477 5081 3700 5135 hominu

2206 5174 2462 5228 memoria
2503 5173 2777 5229 obliter‘ari
2811 5171 3056 5247 potuerit.
3086 5167 3217 5223 Post
3250 5171 3521 5226 Aristeam
3552 5169 3699 5221 Arist

2207 5259 2383 5326 huius,
2425 5260 2507 5314 vir
2531 5261 2883 5333 insignis,ch
2920 5258 3086 5334 ipsius
3109 5255 3387 5313 Ptolemaei
3420 5255 3695 5321 Philadelp

2208 5357 2461 5419 ιεωροτθ,
2496 5349 2601 5413 vel.
2651 5363 2710 5409 ut
2761 5358 2852 5413 alii
2877 5354 3202 5412 existimant,
3251 5350 3355 5402 sub
3394 5346 3694 5401 Philometo

2206 5439 2535 5497 Alexandria:
2557 5445 2765 5515 scribit,
2778 5460 2833 5505 et
2858 5448 3147 5506 Aristeanae
3177 5435 3423 5492 Historia:
3446 5436 3700 5491 testimoni

2206 5543 2306 5583 suo
2333 5530 2721 5597 patrocinatur.
2760 5540 2821 5598 Si
2851 5560 2913 5601 ea
2945 5539 3075 5595 falsa
3105 5543 3432 5603 prorsusque
3463 5526 3698 5597 supposit

2206 5620 2279 5673 ίίθ
2316 5617 2526 5686 fuisse"
2559 5636 2627 5677 ³η
2658 5641 2874 5696 Poterat
2905 5624 3204 5692 Aristobulo
3243 5620 3373 5689 ἱρείε
3407 5615 3615 5686 Em“
3652 5626 3700 5665 τε

2180 5710 2363 5779 gibus
2388 5718 2517 5768 tunc
2546 5710 2818 5791 familiari
2848 5721 3248 5793 fucum-facere.
3278 5707 3483 5766 etiamsi
3517 5711 3700 5772 ponatu
