3878 6372
69 5845 108 6086 2

241 421 303 475 65

1474 428 1543 486 ΙΝ
1582 429 1898 485 HEXAPLA
1935 428 2275 487 OHlGENlS.

3363 438 3430 494 66

219 551 341 594 cum
360 534 445 590 sub
461 529 731 602 postremis
755 527 1241 599 Ptolemaeorum
1272 546 1525 604 floruisse
1543 549 1567 602 ’ἐ
1584 549 1810 604 Alexan-
1836 555 1881 611 Α
1909 547 2244 619 sequentium
2315 547 2476 604 modo
2531 548 2845 606 saeculorum
2904 548 3284 620 scriptoribus,
3337 554 3430 609 sed

205 633 313 688 der
333 624 437 678 item
463 622 778 692 Polyhistor,
847 625 954 691 qui
995 627 1351 703 Olympiade
1387 638 1602 694 circiter
1630 649 1804 694 cente-

193 725 338 784 sima
365 715 742 784 septuagesima
814 717 998 772 tertia
1072 728 1344 797 scripsit,
1379 731 1560 786 laudat
1585 731 1806 786 Aristca:

182 808 462 879 cujusdam
517 805 823 860 Historiam
899 807 1290 888 Iudaicam;
1357 823 1501 877 illam
1565 823 1806 877 videlicet

173 916 352 981 quam
381 901 440 954 de
465 898 652 953 LXXII
703 899 1155 972 interpretibus
1213 917 1455 986 scripsit,
1513 927 1571 972 ut
1617 925 1805 987 putant

168 991 396 1060 eruditi.
421 991 541 1045 Post
575 1007 706 1045 eum
765 992 947 1051 Philo
977 998 1306 1060 Historiam
1341 1007 1586 1061 eamdem
1618 1009 1803 1076 paucis

165 1083 376 1152 ungit,
396 1097 454 1136 ac
482 1083 607 1138 licet
629 1084 702 1138 de
729 1101 994 1145 numero
1025 1091 1403 1166 Interpretum
1428 1099 1560 1152 nihil
1589 1100 1799 1164 habeat,

180 1177 324 1257 quia
348 1191 449 1229 rem
479 1177 714 1245 carptim
771 1194 1044 1251 enarrat,
1113 1189 1330 1244 videtur
1372 1199 1546 1244 tamen
1597 1206 1658 1244 ea
1685 1206 1802 1259 quae

199 1267 419 1331 dixitex
451 1266 662 1322 Aristea
716 1268 1030 1340 hausisse,
1091 1287 1220 1346 post
1263 1295 1384 1334 eum
1430 1279 1711 1349 Josephus,
1739 1295 1802 1336 ac

211 1366 412 1418 demum
467 1355 746 1414 Eusebius
806 1361 1184 1421 Aristeanam
1246 1367 1534 1423 Historiam
1567 1369 1802 1424 referunt

219 1456 360 1520 eique
407 1454 861 1520 patrocinautur.
936 1458 1095 1513 Nihil
1154 1463 1330 1517 dicam
1389 1464 1455 1518 de
1502 1462 1712 1518 Justino
1749 1472 1800 1518 et

227 1543 349 1606 aliis,
374 1542 460 1611 qui
493 1543 832 1600 adulteratis
864 1552 1284 1619 exemplaribus
1310 1563 1434 1608 sunt
1462 1554 1567 1608 usi.
1605 1555 1661 1608 Si
1691 1570 1796 1622 qua

239 1632 382 1697 possit
409 1631 636 1686 historia
691 1637 1068 1702 sequentium
1134 1648 1432 1707 temporum
1480 1641 1796 1698 testimoniis

237 1721 534 1784 conﬁrmari,
559 1721 699 1775 nihil
731 1738 876 1777 sane
905 1725 1041 1780 huic
1076 1726 1250 1790 deest,
1291 1736 1350 1781 ut
1383 1727 1540 1781 talem
1573 1729 1797 1783 tirmita-

231 1817 316 1860 tem
345 1810 699 1877 adipiscatur.

1904 641 2064 695 etiam
2096 655 2127 694 a
2157 640 2349 695 coaevis
2374 648 2427 694 et
2455 641 2770 709 supparibus
2795 653 3130 698 enarrentur.

2259 729 2328 784 X.
2363 730 2738 799 Disputationis
2788 734 3069 786 conclusio.

1969 819 2067 875 His
2128 820 2328 876 diutius
2396 820 2669 874 immorari
2738 824 3193 892 quaestionemque
3251 821 3428 882 fusius

1901 911 2169 980 exagitare
2202 925 2308 964 non
2339 909 2486 963 libet.
2515 907 2763 975 Quaedam
2815 912 2988 965 solum
3017 913 3170 967 nobis
3198 913 3252 966 in
3305 927 3429 966 con-

1904 1001 2044 1056 fesso
2077 1001 2336 1063 habenda,
2358 1009 2409 1054 et
2438 1015 2534 1069 pro
2580 1000 2717 1053 veris
2754 1001 2946 1054 tuenda
2995 1009 3138 1066 sunt,
3169 1002 3424 1057 nimirum

1902 1092 2380 1161 interpretationem
2410 1108 2528 1162 qua:
2556 1092 2660 1146 τῶν
2688 1095 2740 1145 0'
2766 1109 2856 1147 seu
2880 1092 3015 1145 LXX
3048 1107 3287 1159 vocatur,
3313 1096 3427 1152 sive

1900 1181 1991 1235 illa
2023 1197 2052 1236 a
2086 1181 2426 1252 Septuaginta
2464 1183 2616 1245 viris,
2667 1183 2777 1238 sive
2825 1198 2854 1236 a
2911 1184 3250 1252 paucioribus
3284 1184 3426 1240 facta

1898 1271 2078 1337 fuerit,
2105 1287 2224 1327 esse
2249 1289 2426 1328 veram
2449 1283 2501 1328 et
2530 1283 2766 1330 sanctam
2795 1273 2912 1328 fidei
2953 1288 3268 1344 morumque
3293 1289 3423 1328 nor-

1899 1377 2064 1427 mam,
2097 1373 2278 1431 utpote
2305 1380 2424 1433 qua:
2454 1367 2521 1420 ab
2553 1366 2811 1434 apostolis
2843 1381 2947 1419 non
2983 1366 3144 1420 semel
3170 1365 3423 1420 adhibea-

1897 1460 2003 1515 tur,
2038 1467 2102 1506 ac
2122 1469 2226 1507 non
2251 1457 2406 1510 modo
2432 1456 2483 1508 in
2508 1455 2742 1511 Ecclesia
2790 1456 2972 1510 Grmca
3006 1471 3102 1524 pro
3128 1471 3252 1510 vera
3278 1455 3424 1509 Scri-

1895 1552 2048 1611 ptura
2073 1559 2279 1613 semper
2308 1546 2487 1600 habita
2521 1547 2697 1610 fuerit,
2729 1547 2821 1601 sed
2871 1547 3030 1600 etiam
3089 1546 3141 1599 in
3187 1545 3419 1600 Ecclesia

1895 1633 2081 1686 Latina
2112 1635 2380 1702 prioribus
2405 1637 2614 1692 saeculis
2643 1637 2950 1700 obtinuerit,
2972 1638 3185 1706 quando
3217 1637 3422 1693 scilicet

1892 1732 2044 1776 vetus
2072 1721 2198 1776 Itala
2227 1740 2344 1793 qu:e
2397 1741 2462 1780 ex
2507 1727 2689 1780 Graeco
2731 1726 2867 1780 LXX
2907 1726 3252 1796 lnterpretum
3280 1727 3421 1784 facta

1893 1811 2086 1876 fuerat,
2122 1828 2219 1881 pro
2267 1815 2422 1870 unica
2481 1815 2752 1884 Scriptura
2814 1831 2964 1871 sacra
3009 1817 3416 1885 agnoscebatur,

284 1899 564 1968 Reponunt
596 1901 717 1966 alii,
751 1901 1061 1957 Aristobuli
1093 1913 1148 1958 et
1175 1903 1459 1960 Alexandri
1487 1905 1788 1977 Polyhisto-
1815 1899 1858 1958 Β
1887 1910 2168 1970 antequam
2195 1902 2547 1975 Hieronymus
2574 1907 2882 1960 hodiernam
2935 1905 3214 1976 Vulgatam
3263 1909 3421 1964 ador-

225 1991 288 2044 ris
315 1993 642 2046 auctoritate
678 1992 738 2045 id
775 2009 953 2047 unum
989 1995 1146 2062 argui
1182 2004 1235 2050 et
1275 1996 1507 2064 probari,
1543 1998 1787 2053 videlicet

221 2081 425 2135 Aristeae
455 2083 771 2138 Historiam
799 2093 930 2138 ante
960 2087 1158 2140 horum
1209 2086 1528 2155 scriptorum
1577 2097 1782 2142 zetatem

223 2174 474 2238 prodisse
503 2192 517 2227 :
553 2183 610 2228 et
665 2175 1055 2229 Aristobulum
1089 2175 1304 2245 quidem
1332 2176 1420 2230 diu
1447 2185 1566 2244 post
1609 2176 1786 2232 Phila-

217 2262 452 2330 delphum
484 2263 739 2330 vixisse;
765 2280 894 2318 nam
922 2266 1064 2334 quod
1102 2265 1264 2319 modo
1290 2265 1392 2319 sub
1412 2265 1780 2334 Philadelpho,

216 2352 366 2403 modo
399 2353 502 2406 sub
526 2351 921 2408 Philometore
947 2353 1238 2423 scripsisse
1267 2355 1478 2408 dicatur
1510 2357 1649 2424 apud
1675 2356 1782 2410 Eu-

215 2441 412 2495 sebium
440 2459 455 2505 ;
486 2443 540 2497 id
567 2442 806 2496 Eusebii
849 2442 1006 2512 lapsu
1041 2444 1288 2513 contigit,
1339 2445 1424 2498 vel
1456 2443 1682 2500 fortasse
1718 2447 1782 2498 li-

215 2531 525 2599 brariorum,
579 2536 680 2603 qui
739 2535 970 2588 nomina
1009 2544 1452 2590 commutarunt:
1508 2551 1628 2589 nam
1659 2537 1780 2590 Ari-

218 2625 446 2681 stobulus
483 2627 624 2695 ipse,
654 2626 1083 2696 Philadelphum
1112 2626 1251 2696 ejus,
1291 2627 1356 2680 ad
1389 2643 1546 2695 quem
1576 2628 1776 2695 scribit,

211 2710 582 2770 Philometoris
620 2717 898 2786 πρόγονον
962 2724 1142 2779 vocat,
1177 2732 1282 2785 qua
1313 2718 1483 2786 posita
1531 2717 1775 2782 lectione,

208 2798 531 2873 Philadelphi
563 2820 778 2859 nomen
814 2805 1078 2860 mendose
1123 2805 1401 2873 irrepsisse
1426 2806 1775 2872 convincitur,

209 2894 687 2966 Aristobulumque
722 2904 914 2966 utpote
945 2896 1193 2950 Judaeum
1223 2894 1776 2973 Hellenistam,histo-

209 2985 338 3039 riam
379 2986 522 3040 illam
549 3002 665 3056 qua
737 2986 1121 3054 interpretatio
1184 2983 1526 3055 Septuaginta
1578 2985 1776 3040 Senum

206 3087 544 3144 summepere
569 3076 1098 3142 commendabatur,
1134 3075 1378 3130 lubenter
1415 3075 1773 3144 amplexatum

200 3175 347 3229 esse;
373 3167 492 3221 etsi
521 3166 748 3220 νοθείαν
785 3166 1089 3235 agnoverit,
1148 3164 1203 3218 in
1245 3175 1450 3234 partem
1489 3175 1665 3221 tamen
1693 3165 1774 3220 fa-

198 3249 333 3310 bulae
361 3257 575 3312 venisse
608 3275 624 3311 :
697 3255 978 3324 siquidem
1013 3269 1203 3309 omnes
1250 3253 1419 3309 Judaei
1469 3253 1770 3310 Ilellenista:

191 3338 704 3414 interpretationem
736 3346 890 3399 illam
953 3359 1172 3399 summo
1219 3344 1273 3396 in
1311 3342 1483 3412 pretio
1507 3344 1770 3399 habebant

189 3428 492 3504 haberique
527 3436 797 3491 volebant
825 3453 840 3500 ;
873 3435 1245 3490 Alexandrum
1285 3432 1692 3502 Polyhistorem,
1721 3435 1766 3489 si

182 3528 368 3579 tamen
399 3540 528 3581 vere
554 3525 623 3580 de
658 3527 768 3580 hac
795 3526 1025 3579 Aristea:
1064 3525 1301 3578 Historia
1344 3525 1490 3594 loqui
1517 3526 1764 3591 voluerit,

179 3615 369 3668 solum
433 3615 683 3670 indicare
741 3615 891 3668 illam
922 3615 1193 3683 prodiisse
1221 3624 1344 3670 ante
1386 3630 1540 3670 suum
1571 3631 1764 3682 aavum,

182 3711 332 3772 Quod
363 3708 478 3765 fere
509 3725 709 3764 omnes
757 3708 1006 3763 fatentur
1070 3727 1084 3762 :
1117 3708 1420 3772 Philonem,
1475 3709 1763 3777 Josephum

178 3808 244 3852 et
275 3801 439 3866 alios,
470 3810 528 3855 ut
563 3802 748 3856 solent
771 3815 904 3854 oves
932 3799 1214 3868 gregarire,
1250 3799 1491 3868 priorum
1533 3800 1765 3868 vestigiis

178 3885 438 3954 haesisse,
474 3907 576 3946 nec
603 3891 962 3945 examinasse
992 3904 1244 3943 veramne
1267 3904 1333 3942 an
1370 3889 1762 3956 supposititiam

181 3985 566 4038 narrationem
594 3983 964 4051 adoptarem;
1006 3979 1221 4032 demum
1250 3989 1361 4033 tam
1387 3978 1591 4032 validas
1618 3979 1764 4046 obje-

178 4074 401 4128 ctiones
428 4083 618 4128 contra
670 4072 1022 4125 Aristeanam
1070 4067 1360 4122 Historiam
1417 4067 1658 4135 superius
1690 4068 1762 4122 al-

177 4155 351 4223 latas,
376 4176 478 4215 non
512 4175 679 4230 posse
706 4159 1036 4227 scriptorum
1070 4157 1409 4224 sequentium
1440 4155 1758 4210 testimoniis

177 4253 452 4318 enen-vari,
484 4249 936 4322 quandoquidem
970 4246 1174 4300 multas
1224 4244 1464 4316 quotidie
1494 4243 1754 4298 narratio-

1885 1993 2068 2058 naret;
2098 1994 2220 2049 licet
2245 1995 2388 2048 enim
2415 1997 2585 2050 multa
2638 2007 2778 2051 esset
2825 1998 2963 2050 inter
3003 1997 3266 2052 editiones
3296 2013 3418 2068 qua!

1882 2093 2011 2140 tunc
2041 2084 2092 2137 in
2123 2100 2220 2138 usu
2244 2093 2417 2148 erant,
2449 2087 2697 2152 varietas,
2733 2103 2920 2141 omnes
2945 2097 3119 2141 tamen
3148 2089 3415 2144 editiones

1881 2187 1946 2224 ex
1977 2171 2113 2224 LXX
2143 2182 2519 2239 manaverant;
2555 2175 2660 2229 imo
2709 2176 2866 2229 etiam
2916 2176 3072 2230 hodie
3121 2176 3318 2231 Psalmi
3347 2193 3414 2234 ex

1879 2261 2062 2314 eadem
2097 2263 2261 2316 veteri
2286 2263 2417 2316 Itala
2447 2265 2500 2316 in
2533 2262 2766 2318 Ecclesia
2799 2265 2986 2318 Latina
3035 2266 3090 2319 in
3124 2267 3415 2338 Scriptura:

1879 2367 2046 2407 sacrae
2073 2355 2313 2424 catalogo
2341 2355 2518 2410 locum
2550 2355 2786 2421 habent;
2821 2357 3060 2426 nihilque
3092 2357 3299 2412 ollicere
3324 2371 3414 2410 au-

1879 2442 2108 2496 ctoritati
2134 2442 2382 2498 editionis
2413 2443 2519 2498 τῶν
2540 2445 2593 2498 0'
2626 2445 2766 2513 quod
2797 2447 2914 2515 e‘jus
2939 2455 3124 2501 auctor
3144 2448 3227 2500 vel
3253 2448 3410 2516 igno-

1879 2540 2047 2597 retur,
2077 2533 2161 2587 vel
2180 2533 2424 2601 quisnam
2449 2534 2518 2588 sit
2565 2534 2618 2588 in
2647 2535 2864 2589 dubium
2891 2545 3130 2600 vocetur,
3165 2538 3412 2606 quando--

1876 2621 2089 2689 quidem
2156 2621 2289 2675 nih'rl
2345 2621 2606 2678 ofﬁciebat
2667 2626 2860 2679 veteris
2912 2623 3057 2679 ltalte
3102 2627 3410 2682 auctoritati

1875 2711 2019 2779 quod
2072 2726 2180 2780 quo
2229 2712 2515 2781 interprete
2570 2714 2850 2782 prodiisset
2909 2715 3260 2785 ignoraretur.
3292 2717 3409 2772 Non

1875 2801 2016 2856 enim
2040 2817 2104 2855 ex
2130 2801 2504 2870 interpretibus
2520 2805 2792 2861 versiones
2808 2808 3174 2862 auctoritatem
3196 2819 3410 2864 mutua-

1874 2888 2089 2954 bantur,
2108 2891 2196 2944 sed
2217 2907 2280 2944 ex
2307 2894 2684 2962 approbatione
2710 2903 2763 2948 et
2785 2895 3109 2950 admissione
3134 2896 3405 2955 Ecclesiae.

1942 2979 2094 3046 Quod
2123 2992 2298 3036 autem
2329 2983 2684 3056 Hieronymus
2706 2987 2761 3041 in
2791 2988 3024 3044 editione
3053 2989 3157 3042 τῶν
3182 2991 3236 3042 0'
3267 2991 3407 3045 mni-

1871 3079 1956 3125 tos
2004 3087 2182 3126 naevos
2230 3073 2655 3141 deprehenderit,
2711 3091 2774 3130 ac
2829 3077 2993 3131 multa
3037 3093 3191 3134 secus
3240 3095 3403 3149 quam

1873 3160 2152 3227 oportebat
2180 3161 2244 3214 de
2273 3159 2530 3216 llebraico
2555 3163 2734 3218 Crtece
2768 3178 3022 3220 conversa
3050 3168 3401 3236 redarguerit,

1872 3248 1924 3300 id
1951 3249 2068 3316 ejus
2096 3250 2343 3304 editionis
2371 3253 2740 3306 auctoritatem
2770 3255 3074 3324 neutiquam
3102 3256 3295 3312 minuit
3319 3259 3401 3315 vel

1872 3337 2147 3393 inﬁrmat:
2185 3348 2240 3392 ut
2265 3341 2459 3395 alicubi
2492 3341 2684 3395 fatetur
2730 3351 2784 3396 et
2831 3344 2946 3412 ipse
2997 3344 3398 3417 Hieronymus:

1872 3427 1988 3481 loca
2019 3429 2159 3482 enim
2188 3429 2275 3483 illa
2302 3445 2420 3499 qua:
2469 3429 2822 3501 Hieronymus
2843 3436 3184 3503 reprehendit
3209 3437 3402 3505 hujus-

1869 3518 2012 3571 modi
2041 3527 2185 3580 sunt,
2213 3529 2273 3574 ut
2303 3521 2504 3576 utrovis
2525 3521 2684 3576 modo
2705 3523 2871 3591 legas,
2901 3538 3049 3592 aeque
3072 3525 3158 3594 pia
3182 3539 3399 3582 senten-

1866 3606 1937 3660 tia
1967 3616 2256 3662 remaneat.
2669 3623 2704 3666 .°

1938 3694 2042 3750 Pro
2092 3708 2240 3752 certo
2264 3699 2389 3752 item
2429 3697 2688 3754 habemus
2735 3699 3044 3755 cellularum
3095 3702 3396 3770 historiam,

1866 3778 2166 3841 mirabilem
2225 3787 2374 3841 illum
2410 3787 2689 3843 Seniorum
2719 3803 3062 3856 consensum,
3108 3801 3162 3847 et
3188 3809 3250 3848 ea
3276 3811 3399 3864 qua:

1864 3873 1986 3926 inde
2012 3886 2412 3943 consequuntur
2432 3879 2650 3932 omnino
2705 3881 3038 3949 supposititia
3067 3897 3208 3946 esse,
3249 3883 3397 3952 jure-

1864 3975 1969 4030 que
1999 3963 2066 4015 ab
2088 3962 2408 4034 Hieronymo
2429 3968 2721 4035 reprobari.
2763 3969 2999 4039 Itemque
3044 3985 3166 4025 cum
3206 3971 3396 4025 Hiero—

1870 4067 2031 4121 nymo
2052 4063 2105 4108 et
2163 4055 2488 4109 eruditorum
2531 4057 2685 4112 turba
2737 4066 2986 4126 putamus
3050 4060 3393 4130 interpretem

1859 4139 2202 4198 Pentateuchi
2229 4145 2467 4200 Graecum
2523 4147 2742 4202 omnino
2782 4149 3047 4204 diversum
3089 4165 3208 4206 esse
3235 4151 3302 4204 ab
3327 4167 3392 4206 eo

1857 4235 1940 4286 vel
1963 4234 2026 4288 iis
2057 4236 2148 4304 qui
2172 4237 2404 4307 reliquos
2429 4237 2713 4309 Scripturae
2753 4254 2918 4296 sacrae
2942 4241 3106 4298 libros
3129 4240 3388 4311 interpre-

186 4352 286 4394 nes
315 4339 778 4410 deprehendimus
813 4351 936 4391 esse
991 4332 1386 4403 supposititias,
1416 4331 1540 4386 licet
1565 4345 1671 4384 non
1723 4342 1752 4382 a
1785 4343 1828 4398 ι)
1855 4325 1949 4379 tati
1971 4335 2112 4382 sunt.

1257 4643 1628 4732 CAPUT
1698 4643 2305 4748 QUARTUM.

897 4797 993 4856 De
1035 4792 1212 4853 LXX
1246 4791 1660 4865 lnterpretum
1698 4788 2009 4865 versione,
2039 4799 2108 4852 ut
2135 4791 2202 4852 in
2231 4792 2529 4870 Hexaplis
2561 4803 2712 4854 erat.

170 4975 199 5027 l
214 5024 228 5034 ,
245 4985 313 5036 De
333 4993 456 5038 sum
481 4987 796 5036 editionis...
815 4996 862 5037 ο·
884 4986 1158 5050 antequam
1173 4977 1414 5050 Qrigenes
1434 4951 1649 5050 Hexapla
1670 4980 1814 5050 adorn
1823 4983 1942 5027 aret.
1963 4975 2024 5024 II.
2040 4975 2276 5050 Grigenes
2293 4976 2628 5050 editiop‘emﬁuy
2639 4989 2681 5050 of
2691 4975 2995 5050 emendatam
3008 4978 3374 5050 cumnasteriscfs

254 5035 468 5097 etoheliis
490 5035 811 5107 inflexaplis
823 5035 1146 5107 iposuitglll'.
1172 5041 1249 5107 pe
1269 5035 1614 5107 asteriseorutir
1635 5046 1687 5086 et
1708 5041 1954 5107 ohelorum
1980 5035 2414 5107 usu_in‘_Hexaplis.
2444 5038 2522 5107 V.
2548 5039 2619 5085 De
2639 5039 2886 5107 lemniscis
2907 5043 2959 5083 et
2981 5036 3370 5107 hypolernnjsqigs,

253 5106 303 5153 V.
326 5110 370 5155 In
388 5110 637 5156 hodiernis
664 5097 979 5155 editionibus
1019 5099 1146 5148 LXX
1171 5102 1484 5156 lnterpretum
1519 5101 1669 5147 multa
1698 5113 1758 5147 ex
1785 5100 1996 5147 editione
2033 5097 2112 5144 illa
2149 5097 2392 5156 hexaplari
2436 5097 2600 5144 desum

257 5169 579 5228 mutationibus
615 5181 727 5228 quae
759 5168 822 5228 ab
861 5163 1111 5228 Qrigenis
1154 5157 1432 5228 tempore‘in
1458 5157 1699 5228 editiones
1724 5159 1841 5228 EXX
1877 5159 2199 5228 luterp'retum‘
2222 5157 2575 5228 adveetresunt.

2605 5102 2682 5200 pta
2721 5097 3162 5168 deprehenduntur.
3189 5099 3268 5148 Vl.
3300 5101 3398 5169 po-

2662 5154 2718 5200 li.
2762 5157 2834 5200 lle
2871 5169 2928 5200 ns
2959 5163 3102 5200 etiam
3144 5165 3372 5200 mutatu.

2707 5189 2718 5200 .
2762 5157 2834 5202 lle
2871 5157 2928 5201 iis
2959 5159 3102 5204 etiam
3144 5162 3372 5206 mutatio-

257 5215 511 5286 nibusquaé
536 5242 599 5276 ex
626 5215 1313 5280 similitudine'quarumdam
1334 5217 1596 5266 litterarum
1623 5220 1843 5268 admissa
1863 5225 1988 5266 sunt.
2009 5215 2133 5265 'Vlll.
2160 5216 2233 5264 De
2255 5215 2562 5264 distinctione
2588 5216 2794 5274 capitum
2817 5219 2868 5263 et
2895 5220 3244 5266 versiculorum
3283 5231 3370 5266 an-

258 5289 438 5345 tiquitus
458 5295 710 5350 usurpata.

183 5384 237 5443 1.
265 5393 330 5447 De
350 5405 476 5449 stam
506 5397 763 5451 editionis
796 5392 930 5445 τῶν
969 5393 1031 5440 0'
1073 5394 1340 5452 antequam
1366 5385 1607 5457 Origenes
1631 5387 1743 5444 Ile-

697 5463 876 5530 xapla
905 5458 1224 5510 adornaret.

244 5574 433 5630 Certum
468 5575 694 5646 quidem
751 5576 845 5624 est
895 5562 1200 5646 editionem
1245 5557 1344 5646 τῶν
1367 5561 1420 5612 0'
1445 5562 1564 5618 fidei
1613 5582 1741 5621 mo-

137 5647 366 5735 \umque
386 5644 662 5726 normam,
701 5659 758 5711 in
816 5653 894 5706 iis
951 5644 1348 5712 exemplaribus
1374 5663 1488 5716 qua:
1535 5653 1590 5705 in
1623 5655 1738 5709 Ec.

190 5730 299 5810 desis
342 5757 428 5811 Dei
498 5745 992 5807 admittebantur,
1051 5730 1249 5784 nuilam
1295 5735 1538 5804 potuisse,
1568 5741 1625 5794 in
1662 5743 1742 5802 iis

1841 5386 2027 5442 saltem
2065 5399 2184 5454 qua:
2210 5383 2274 5436 ad
2309 5383 2462 5435 [idem
2489 5389 2539 5434 et
2569 5397 2746 5437 mores
2770 5383 3051 5453 pertinent,
3079 5382 3251 5438 labem
3284 5381 3368 5434 in.

1841 5491 2074 5531 currere.
2103 5473 2157 5525 ln
2191 5472 2393 5526 caeteris
2419 5485 2544 5526 vero
2593 5486 2771 5540 parem
2801 5489 2921 5528 cum
2960 5474 3079 5528 aliis
3116 5469 3364 5525 omnibus

1842 5565 1994 5618 libris
2027 5563 2290 5616 fortunam
2315 5561 2542 5616 subiisse
2574 5561 2728 5617 docet
2765 5577 2894 5617 usus
2938 5572 2991 5615 et
3017 5555 3360 5629 experientia.

1842 5655 1898 5710 Id
1939 5656 2047 5723 jam
2083 5650 2321 5719 Origenis
2379 5660 2612 5720 tempore
2668 5652 2932 5707 acciderat
2974 5667 2990 5703 :
3041 5638 3359 5708 exemplaria

1843 5745 2033 5814 quippe
2060 5739 2360 5807 Scriptum,
2399 5750 2506 5796 tum
2535 5753 2740 5810 prapter
2775 5739 3056 5794 scribarum
3085 5729 3359 5796 indiligen-
