3878 6388
257 437 322 490 (ῐῢ
1489 450 1554 504 IN
1594 449 1910 506 HEXAPLA
1940 446 2285 506 ORIGENIS.
3387 460 3455 514 70

234 561 347 638 quae
363 545 959 638 hodieque-supersunt,
1005 549 1074 606 in
1137 553 1255 613 Job
1290 562 1538 616 videlicet
1573 573 1732 632 atque
1765 561 1818 615 in
1847 567 1893 620 Α
1921 562 2147 631 Aquila;
2180 561 2477 624 interdum,
2505 563 2594 616 sed
2629 566 2822 630 rarius,
2851 583 2917 620 ex
2945 567 3294 638 Symmacho;
3323 585 3457 623 non-

217 637 443 698 Psalmis,
466 634 699 690 asterisci
723 643 779 688 et
813 636 972 691 obeli
1012 650 1484 716 conspiciuntur,
1506 663 1564 706 ut
1589 653 1812 721 quisque

213 728 381 783 videre
421 734 585 794 potest
634 725 692 777 in
729 726 997 784 editione
1037 729 1223 793 Joan.
1282 740 1576 794 Martianmi
1623 741 1808 795 nostri.

203 821 327 890 Huc
369 815 560 869 accedit
611 825 747 868 nota
793 819 1035 876 codicis
1091 823 1425 883 Basiliensis
1471 830 1649 884 saeculi
1682 846 1731 892 χ,
1758 829 1809 882 in

200 907 360 971 cuius
384 906 714 974 marginibus
772 905 1196 980 llexaplorum
1254 919 1512 973 lectiones
1563 935 1628 973 ac
1674 925 1811 972 notae

194 995 370 1076 prima
416 1010 574 1047 manu
633 995 952 1065 descripta:
1012 1003 1206 1060 fuere.
1267 1007 1358 1062 Sic
1417 1017 1591 1061 autem
1656 1008 1812 1060 habet

195 1085 364 1148 Exodi
391 1097 499 1151 cap.
528 1098 700 1138 xxxvt
732 1103 747 1138 :
791 1085 1101 1146 Ἐνταῦθά
1145 1112 1228 1148 σοι
1257 1097 1528 1166 γενομένῳ
1559 1094 1810 1164 πάρεστιν

205 1179 340 1252 ὁρᾷν
365 1175 544 1246 πολλὴν
569 1175 674 1245 τὴν
704 1176 1041 1245 διαφωνίαν
1071 1185 1179 1253 τῆς
1207 1203 1266 1238 τε
1316 1186 1691 1256 προκειμένης,
1721 1183 1808 1236 καὶ

221 1271 317 1338 τῆς
344 1269 391 1319 ἐν
423 1266 704 1330 Ἐξαπλοῖς
763 1269 1217 1345 ἀναφερομένης
1261 1277 1339 1337 εἰς
1383 1277 1504 1339 τοὺς
1533 1257 1603 1328 Οί·
1633 1277 1722 1328 καὶ
1749 1278 1806 1328 οὐ

229 1357 372 1414 (οὓτό
397 1375 524 1426 aqua
549 1357 628 1420 ὡς
667 1361 790 1421 τοῖς
832 1364 1376 1433 κατηστερισμένοις
1403 1366 1596 1434 ταύτης
1631 1366 1807 1435 ἐκείνη

240 1447 468 1516 διαφέρει·
495 1447 778 1517 πολλαχοῦ
810 1449 934 1521 γὰρ
956 1452 1173 1522 ταύτης
1201 1455 1401 1517 τούτοις
1429 1455 1801 1524 παραλ).ἀσσει’

246 1540 422 1594 ἀλλ’ὅτι
447 1541 538 1592 καὶ
564 1541 622 1590 ὲν
642 1539 872 1603 τούτοις
901 1541 1165 1612 μᾶλλονῆ
1188 1543 1323 1596 κατὰ
1347 1544 1406 1595 τὸ
1429 1544 1552 1597 ἄλλο
1563 1545 1658 1613 τῆς
1671 1545 1806 1614 Γρα-

256 1631 334 1697 φῆς
347 1629 526 1696 {Suec
545 1629 792 1682 ἐνταῦθα
826 1631 1256 1695 π).εονὰζει,καὶ
1283 1635 1316 1685 ἃ
1341 1633 1410 1702 μὴ
1429 1635 1476 1684 οἱ
1503 1633 1804 1702 ἀστερίσκοι

254 1717 434 1786 δηλοῦσι
466 1719 717 1787 παριδεῖν
742 1721 879 1783 τοὺς
906 1725 987 1783 0’,
1037 1722 1142 1774 κᾶν
1189 1721 1391 1783 τούτοις
1419 1722 1565 1774 οὐδὲν
1593 1722 1802 1775 ἔλαττον

251 1808 414 1879 τὸτῆς
445 1810 817 1881 παραλλαγῆζ
858 1807 1005 1873 εἶδος
1061 1810 1369 1864 οἰκειοῦται.
1420 1809 1474 1862 id
1520 1819 1600 1865 est
1631 1830 1643 1864 :
1671 1809 1799 1864 Cum

1917 667 2186 720 nunquam
2219 665 2291 704 ex‘
2333 650 2541 704 duobus
2570 653 2647 704 vel
2692 668 2753 705 ex
2805 655 2973 708 tribus
3007 657 3184 708 simul.
3215 654 3454 726 Exempli

1915 755 2072 794 causa
2107 759 2122 794 :
2160 738 2259 792 Job
2306 754 2471 805 xxxn,
2519 739 2606 804 12,
2641 742 2706 808 >κ
2743 741 2802 793 Θ.
2832 744 2923 794 καὶ
2959 743 3114 813 μέχρι
3158 743 3306 810 ὑμῶν
3341 762 3437 798 συν-

1914 831 2057 898 ήσωο
2113 831 2203 883 καὶ
2262 830 2374 883 ἰδοὺ
2411 831 2508 882 οὐκ
2552 827 2617 900 ἦν
2664 832 2741 902 τῷ
2804 834 2921 886 ’1ὼό
2968 836 3235 904 ἐλέγχων,
3295 838 3444 890 ἀντα-

1916 920 1980 984 >κ
2015 919 2396 988 ποκρινόμενος
2419 922 2630 989 ῥήματα
2671 923 2830 975 αὑτοῦ
2865 925 2921 988 ἐξ
2955 925 3120 993 ὑμῶν·
3155 928 3238 978 ἴνα
3275 927 3349 997 μὴ
3377 927 3453 979 εἴη

1915 1022 2068 1073 πητε·
2095 1007 2358 1076 Εΰρωμεν
2386 1008 2570 1074 σοφίαν
2596 1008 2687 1060 τοῦ
2733 1009 2864 1061 Θεοῦ
2897 1012 3243 1082 προσθέμενοι
3276 1015 3298 1080 ζ
3360 1014 3451 1068 ubi

1914 1095 2327 1156 animadvertas,
2364 1112 2486 1150 cum
2522 1097 2717 1165 aliquid
2749 1101 2825 1152 vel
2874 1115 2938 1153 ex
2971 1099 3332 1158 Theodotione
3368 1104 3451 1157 vel

1912 1199 1974 1237 ex
2008 1185 2128 1238 aliis
2152 1185 2495 1253 adiiceretur,
2526 1189 2571 1241 si
2607 1190 2655 1241 id
2694 1189 2866 1253 initio,
2894 1191 3005 1244 sive
3030 1191 3080 1244 in
3113 1193 3306 1256 medio,
3338 1194 3450 1246 sive

1912 1272 1965 1325 in
1990 1273 2093 1326 line
2120 1275 2269 1328 linea:
2291 1276 2515 1342 jucerct,
2547 1277 2819 1344 pramtisso
2851 1293 3057 1346 semper
3079 1281 3331 1334 asterisco
3350 1283 3447 1334 ad-

1910 1363 2076 1415 ditum
2111 1363 2296 1428 fuisse,
2328 1366 2588 1434 appositis
2636 1375 2756 1434 post
2790 1367 3205 1421 additamentum
3235 1370 3446 1424 duobus

1908 1455 2138 1524 punctis.
2167 1453 2222 1507 Si
2251 1471 2375 1512 vero
2415 1457 2832 1511 additamentum
2885 1461 3010 1514 illud
3038 1462 3101 1515 ad
3154 1463 3331 1530 plures
3375 1463 3444 1517 li-

1908 1559 2035 1598 neas
2067 1545 2458 1608 extraheretur,
2491 1547 2643 1600 initio
2663 1549 2948 1615 cujuslibet
2975 1551 3123 1604 linem
3150 1554 3444 1606 asteriscus

1907 1633 2286 1701 appingebatur
2327 1634 2500 1688 donec
2554 1645 2720 1688 totum
2775 1637 3061 1701 desineret,
3105 1641 3282 1708 ibique
3331 1643 3442 1695 duo

1906 1730 2102 1788 puncta
2135 1722 2400 1776 crassiora
2431 1723 2496 1774 de
2534 1739 2682 1778 more
2717 1727 3046 1794 ponebantur
3075 1746 3088 1780 :
3118 1744 3236 1796 qua:
3265 1739 3442 1784 tamen

1906 1810 2219 1878 plerumque
2253 1812 2594 1880 negliguntur
2619 1816 2668 1867 in
2703 1817 3101 1885 manuscriptis,
3148 1821 3438 1887 prwscrtim

246 1896 328 1949 Intc
367 1901 642 1951 adreneris
669 1937 685 1959 ,
754 1899 990 1952 multam
1041 1899 1382 1960 deprehendes
1425 1899 1801 1952 dissonantium
1833 1885 1874 1938 Β
1910 1900 2124 1968 quando
2149 1900 2507 1954 additamenta
2563 1904 2863 1970 hujusmodi
2916 1885 3242 1976 longiusciula
3275 1917 3437 1965 sunt:

244 1987 364 2040 inter
382 1988 518 2039 Itanc
546 1988 904 2055 Scripturam
927 1998 978 2040 et
1006 2005 1120 2041 eam
1145 2005 1259 2057 qua:
1298 1989 1351 2040 in
1378 1987 1627 2057 chaplis
1656 1989 1803 2042 habe-

242 2085 313 2129 utr
338 2080 386 2131 in
413 2077 785 2146 Septuaginta
821 2078 1186 2147 Interpretnm
1235 2080 1456 2132 versione
1483 2094 1501 2131 :
1546 2095 1702 2147 neque
1725 2095 1802 2131 so-

239 2166 328 2220 ιω
355 2169 473 2221 dico
502 2169 685 2233 illam,
714 2169 900 2237 quoad
943 2186 1003 2222 ea
1031 2185 1149 2236 quae
1177 2169 1436 2222 asteriscis
1465 2177 1711 2220 notantur
1735 2168 1798 2220 ab

236 2258 321 2311 Itae
346 2258 586 2324 differre,
622 2259 896 2326 siquidem
921 2269 969 2310 et
1001 2260 1054 2309 in
1078 2259 1159 2311 his
1194 2257 1286 2310 illa
1307 2274 1440 2326 sa’pe
1471 2258 1534 2309 ab
1561 2258 1658 2310 hac
1699 2258 1801 2309 dis-

237 2357 373 2398 sona!
391 2362 410 2409 ;
441 2349 549 2399 imo
581 2364 706 2400 vero
738 2348 825 2398 Itis
866 2347 884 2414 (
909 2346 1212 2414 asteriscis)
1259 2345 1418 2398 multo
1447 2346 1611 2413 magis
1639 2344 1800 2396 abun-

236 2437 338 2499 dat,
367 2454 525 2507 quam
558 2439 709 2490 alius
744 2436 1042 2504 Scriptura:
1083 2445 1254 2489 textus
1283 2453 1298 2495 :
1345 2436 1432 2488 sed
1465 2436 1619 2488 etiam
1648 2435 1701 2485 in
1732 2435 1796 2486 iis

237 2543 338 2592 qua
358 2529 597 2581 asterisci
624 2545 735 2580 non
764 2536 953 2579 notant
978 2544 1010 2578 a
1036 2525 1185 2578 LXX
1216 2523 1582 2591 Interpretibns
1608 2523 1798 2576 omissa

240 2614 411 2680 fuisse,
441 2634 544 2670 non
578 2619 766 2670 minor
811 2617 1114 2684 diﬂ'erentia
1143 2614 1554 2678 deprehenditur.
1587 2611 1710 2666 Hazc
1731 2611 1796 2665 ad

239 2707 446 2759 verbum
478 2707 786 2760 retulimus
845 2714 1032 2758 contra
1091 2702 1349 2771 quosdam
1406 2715 1654 2769 nuperos,
1704 2699 1796 2767 qui

233 2796 537 2849 existimant
571 2806 744 2849 notas
792 2795 919 2847 illas
979 2793 1258 2847 obelorum
1317 2798 1370 2843 et
1420 2791 1793 2844 asteriscorum

232 2898 333 2939 non
361 2887 413 2938 in
452 2886 698 2940 editione
730 2883 842 2935 τῶν
879 2888 933 2935 U'
979 2882 1253 2950 besaplari
1288 2880 1488 2948 positas
1520 2878 1684 2932 fuisse
1728 2878 1795 2932 ab

230 2972 472 3046 Origene,
515 2976 612 3030 sed
651 2976 709 3028 in
749 2975 858 3027 alia
894 2973 1124 3028 seorsim
1179 2971 1455 3024 adornata.
1486 2967 1680 3022 Verum
1708 2969 1794 3022 his

232 3069 331 3116 tam
359 3066 561 3132 apertis
590 3061 934 3117 testimoniis
981 3075 1170 3113 eorum
1199 3059 1290 3127 qui
1340 3055 1573 3125 Hexapla
1607 3066 1796 3110 tracta-

225 3161 430 3214 verant.
457 3153 730 3222 relragari
763 3167 874 3204 non
915 3150 1074 3212 licet;
1121 3149 1318 3216 quibus
1363 3148 1428 3201 ad
1459 3147 1710 3215 majorem
1735 3145 1790 3198 li-

224 3240 339 3296 dem
372 3245 514 3297 aliud
537 3242 844 3310 adjieimus
871 3255 939 3293 ex
972 3239 1118 3292 notis
1144 3239 1210 3291 ad
1237 3245 1396 3304 caput
1432 3252 1516 3289 xw
1547 3236 1666 3290 libri
1690 3245 1794 3288 ter-

219 3329 276 3382 tii
303 3331 531 3399 Regum,
563 3331 663 3385 ubi
697 3331 782 3383 sit:
810 3328 1011 3397 legitur
1043 3345 1058 3380 :
1094 3325 1248 3379 Μετὰ
1271 3323 1426 3377 τοῦτο
1450 3327 1504 3376 ὲν
1531 3324 1605 3394 τῷ
1646 3323 1795 3388 Ἐξαο

213 3417 333 3487 πλῷ
395 3423 572 3472 κεῖται
628 3418 701 3471 τὰ
760 3417 906 3469 κατὰ
945 3416 1044 3485 τὴν
1075 3416 1231 3467 νόσον
1281 3414 1370 3466 καὶ
1406 3412 1500 3482 τὴν
1547 3411 1792 3481 τελευτὴν

223 3504 516 3567 ἈΕιΞμτοῦ
545 3506 669 3558 υἱοῦ
713 3505 1027 3575 Ἱεροϐοάμ,
1061 3502 1198 3572 μετά
1221 3501 1571 3570 ἀστερίσκων.
1599 3499 1652 3553 Id
1673 3509 1750 3554 est
1774 3517 1788 3553 :

205 3588 411 3647 Postea
439 3597 492 3647 in
524 3594 794 3662 Hexaplis
821 3594 1006 3661 jacent
1032 3608 1116 3656 ea,
1151 3607 1266 3659 qum
1291 3599 1518 3654 spectant
1553 3590 1620 3642 ad
1646 3592 1793 3660 a'gri-

206 3684 454 3736 tudinem
476 3695 522 3737 et
558 3695 789 3736 morzem
820 3682 991 3742 Abite,
1039 3678 1141 3748 ﬁlii
1174 3678 1471 3740 Jeroboam,
1511 3695 1626 3730 cum
1657 3688 1791 3731 aste-

204 3771 390 3823 riscis.
430 3772 569 3836 Quid
605 3771 852 3825 clarius?
882 3768 1008 3823 Haec
1034 3784 1163 3821 vero
1193 3776 1317 3820 nota
1350 3767 1527 3834 prodit
1553 3782 1614 3819 ex
1645 3768 1788 3819 anti-

201 3860 481 3923 quissimo
536 3863 730 3915 codice
783 3863 1056 3922 ltomano,
1092 3859 1185 3924 qui
1236 3857 1319 3910 vel
1364 3857 1664 3924 exscriptus
1689 3855 1789 3909 l'uit

199 3957 335 4000 eum
365 3947 601 4018 Hexapla
630 3957 1028 4018 superessent;
1088 3948 1171 4000 vel
1193 3961 1258 4000 ex
1288 3945 1396 3999 alio
1431 3946 1609 3999 codice
1638 3947 1701 3998 ad
1735 3947 1790 4000 li-

199 4034 334 4090 dem
365 4038 732 4108 llexaplorum
785 4038 1086 4106 exscripta,
1141 4036 1399 4089 manavit.
1460 4032 1621 4087 Plura
1663 4048 1786 4103 pro-

196 4117 363 4179 ferre
391 4143 675 4194 possemus
705 4145 718 4178 :
760 4127 854 4180 sed
886 4126 1002 4178 bane
1031 4132 1212 4186 erunt,
1239 4133 1299 4176 ut
1333 4137 1508 4191 spero,
1534 4122 1681 4176 satis.

239 4215 341 4268 Ill.
375 4216 452 4270 De
472 4218 852 4269 asteriscorttm
891 4223 940 4267 et
967 4213 1239 4266 obelorutn
1271 4230 1370 4265 usu
1396 4213 1448 4264 in
1482 4211 1748 4280 Ilexaplis.

285 4307 590 4360 Asteriscos
620 4315 676 4358 et
705 4305 894 4358 obelos
919 4305 972 4356 in
999 4303 1236 4356 editione
1263 4301 1402 4354 LXX
1443 4301 1784 4369 lnterpretum

205 4389 490 4463 hexaplari
516 4393 807 4461 usurpavit
833 4393 1119 4460 Origenes,
1157 4399 1217 4443 ut
1245 4389 1372 4457 quid
1400 4389 1467 4442 ibi
1488 4389 1782 4443 addendum

212 4483 300 4537 Vel
327 4485 651 4540 demendum
679 4491 829 4538 esset
853 4482 1122 4535 indicaret
1155 4498 1167 4532 :
1196 4481 1337 4545 quod
1365 4489 1506 4533 tanta
1533 4480 1784 4548 religione

213 4576 482 4638 prastitit,
518 4585 577 4628 ut
605 4573 753 4642 quod
779 4571 1058 4640 adjectum
1100 4579 1218 4623 erat
1268 4567 1484 4637 praefixo
1507 4572 1780 4633 asterisco,

209 4662 293 4717 sic
321 4665 414 4732 χ,
443 4673 498 4716 et
522 4662 845 4733 postpositis
894 4660 1118 4714 duobus
1177 4659 1394 4726 punctis
1433 4660 1783 4715 crassioribus

207 4744 316 4808 hac
348 4753 520 4808 forma
558 4754 581 4820 ζ
621 4752 807 4806 statim
860 4750 1181 4804 emineret;
1236 4746 1379 4815 quod
1407 4763 1530 4802 vero
1579 4765 1780 4818 expun-

200 4843 439 4902 gendum
464 4843 780 4911 putabatur,
807 4840 1101 4910 praemisso
1129 4839 1288 4892 obelo
1317 4839 1416 4892 hac
1441 4839 1608 4894 l‘orma
1636 4855 1696 4897 +
1729 4851 1782 4896 et

180 4929 432 4996 tﬁdjectis
459 4930 678 4983 duobus
712 4929 770 4983 in
823 4929 938 4982 ﬁne
982 4927 1211 4996 punctis
1243 4925 1266 4991 ζ
1300 4926 1354 4978 in
1401 4927 1534 4980 serie
1584 4939 1777 4997 tamen,

199 5006 304 5069 his
332 5017 467 5074 notis
491 5019 838 5079 distinctum,
875 5022 1220 5070 remaneret.
1270 5012 1380 5066 Hoc
1405 5023 1579 5069 autem
1617 5020 1780 5074 artiﬁ-

200 5101 304 5153 tio
327 5114 468 5158 vetus
501 5105 593 5158 illa
625 5103 782 5174 κοινὴ
839 5118 940 5156 seu
991 5101 1224 5170 vulgata
1250 5098 1386 5150 LXX
1434 5095 1776 5172 Interpretum

205 5190 400 5253 Pditio,
427 5192 628 5246 intacta
667 5191 836 5245 simul
883 5200 942 5244 et
982 5190 1282 5241 emendata
1316 5189 1774 5256 conspiciebatur:

209 5280 446 5344 Osceptis
472 5290 645 5334 tamen
683 5282 754 5334 iis
787 5279 933 5332 locis
962 5276 1063 5330 ubi
1099 5273 1237 5326 ordo
1269 5271 1538 5341 Scripturae
1570 5278 1780 5348 pertur-

211 5359 369 5420 Itatus
399 5381 522 5435 erat,
577 5371 654 5424 ita
715 5379 778 5423 ut
816 5366 1006 5420 multa
1040 5368 1366 5430 praepostere
1413 5378 1774 5429 ponerentur:

209 5444 431 5510 ihienim
448 5461 704 5531 Origenes
732 5466 1078 5528 germanam
1107 5457 1159 5500 ει
1183 5447 1246 5498 3d
1277 5453 1779 5518 θκθῐηυίλΐίίθδηί·

191 5539 323 5594 Qum
343 5546 809 5600 accommodatam
848 5537 1070 5592 seriem
1124 5531 1439 5588 restituerat.
1493 5538 1623 5603 Quae
1648 5557 1778 5612 ροει

163 5618 491 5705 §st¢riscum
529 5634 929 5705 ponebantur,
987 5635 1061 5674 ex
1113 5617 1341 5671 editione
1388 5618 1772 5688 Theodotionis

156 5697 547 5785 \tplurimuni
578 5727 858 5786 excerpta
897 5715 1117 5769 erant;
1158 5719 1263 5756 non
1297 5705 1644 5778 ίηίνθίίυθηιετ
1695 5735 1770 5775 ex

1819 3200 1860 3256 α
1891 3231 2184 3300 δυνάμεων.
2254 3231 2330 3285 Ex
2394 3200 2606 3301 Aquila,

1903 2009 2008 2062 qua
2042 1995 2093 2047 iu
2121 2010 2178 2048 re
2204 1997 2448 2050 codicum
2481 2011 2680 2049 morem
2729 1997 2974 2061 religiose
3013 1999 3177 2052 secuti
3227 2015 3435 2055 sumus.

1903 2083 1958 2134 ιιι
1982 2083 2049 2136 iis
2070 2098 2187 2150 quae
2214 2099 2274 2136 ex
2304 2083 2666 2136 Theodotione
2701 2094 2946 2151 excerpta
2977 2093 3146 2149 erant,
3187 2084 3438 2154 frequen-

1907 2180 1984 2226 ter
2030 2173 2097 2224 ab
2138 2173 2216 2226 eis
2267 2173 2502 2227 librariis
2550 2174 2640 2240 qui
2693 2171 3049 2241 Hexaplorum
3093 2176 3348 2230 lectiones
3377 2178 3432 2231 in

1903 2261 2230 2327 marginibus
2290 2261 2579 2315 Bibliorum
2613 2262 3002 2328 describebant,
3042 2263 3120 2318 sic
3165 2267 3231 2332 Χ
3261 2264 3334 2320 0'.
3368 2266 3432 2320 Θ.

1901 2349 1982 2400 vel
2039 2352 2101 2414 Βτ(
2129 2349 2189 2401 Θ.
2220 2353 2294 2401 0'.
2328 2350 2671 2417 ponebatur:
2723 2350 2776 2402 id
2827 2365 2954 2403 vero
3002 2351 3331 2419 signiﬁcabat
3377 2354 3431 2407 in

1899 2439 2009 2498 τοῖς
2037 2440 2088 2488 0'
2113 2437 2329 2504 reperiri
2356 2453 2418 2490 ex
2445 2435 2806 2491 Theodotione
2835 2438 3194 2508 desumptum.
3228 2439 3316 2494 Sic
3335 2438 3435 2494 Job

1901 2540 2084 2589 χχχιιι,
2105 2526 2193 2590 25,
2227 2530 2291 2593 Ἀ(
2338 2526 2396 2578 Θ.
2433 2525 2507 2581 0⁸.
2542 2527 2820 2596 γνωρίζων
2866 2528 3040 2580 αὐτῶν
3066 2529 3132 2580 τὰ
3157 2528 3309 2598 ἔργα,
3326 2536 3429 2584 etc.

1902 2612 2155 2667 Similiter
2180 2630 2244 2668 ex
2297 2615 2482 2682 Aquila
2535 2615 2845 2669 sumebatur
2870 2615 3062 2670 lectio:
3104 2617 3181 2670 sic
3235 2616 3426 2671 Ierem.

1900 2715 2032 2763 χχιι,
2061 2703 2148 2764 24,
2208 2705 2274 2768 Ξ(
2330 2707 2392 2754 A.
2429 2703 2563 2769 ὅτις
2605 2703 2905 2770 Aliquando
2957 2719 3020 2756 ex
3085 2702 3430 2773 Symmacho,

1897 2787 1996 2842 Job
2018 2805 2183 2853 xxvn,
2218 2789 2301 2851 18,
2331 2793 2398 2857 χ
2422 2791 2478 2841 Σ.
2533 2790 2572 2843 ἃ
2603 2791 2933 2861 συνετήρησε
2976 2792 2998 2856 ζ
3044 2790 3118 2844 Ex
3161 2793 3350 2861 Aquila
3376 2802 3433 2848 et

1901 2874 2218 2944 Symmacho
2245 2895 2258 2929 :
2289 2875 2395 2929 Jer.
2429 2891 2508 2941 ιιι,
2532 2875 2590 2939 7,
2634 2881 2700 2943 χ(
2732 2878 2794 2929 Α.
2834 2878 2891 2928 Σ.
2923 2878 2954 2946 ἡ
2981 2875 3175 2946 ἀδελφὴ
3202 2878 3366 2948 αὐτῆς
3401 2876 3424 2945 ζ

1897 2961 1974 3016 Ex
2006 2965 2193 3033 Aquila
2227 2975 2279 3019 et
2305 2965 2666 3021 Theodotione
2698 2953 3121 3036 frequentissime
3151 2986 3164 3020 :
3193 2965 3235 3020 ,ιι
3257 2984 3303 3022 r.
3348 2983 3426 3034 ιι,

1898 3054 1984 3117 15,
2018 3059 2082 3121 >ε<
2115 3059 2178 3109 Α.
2207 3055 2268 3107 Θ.
2299 3059 2364 3126 τῇ
2391 3056 2612 3126 αἰσχύνῃ
2659 3056 2680 3123 ζ
2714 3055 2785 3108 Ex
2830 3055 3147 3125 Symmacho
3176 3067 3228 3108 et
3251 3055 3427 3110 Theo-

1896 3139 2108 3195 dotione
2139 3143 2314 3196 rarius
2345 3163 2359 3196 :
2392 3143 2500 3196 Jer.
2538 3159 2608 3207 τι,
2659 3144 2760 3204 22,
2789 3146 2853 3210 με
2896 3144 2953 3195 Σ.
2993 3143 3054 3195 Θ.
3086 3145 3270 3214 κύριος
3319 3142 3428 3196 τῶν

2681 3231 3019 3304 Symmacho,
3067 3243 3121 3287 ct
3181 3233 3424 3289 Theodoo

1891 3319 2034 3372 tione.
2064 3320 2355 3388 saepissime
2387 3339 2400 3374 :
2447 3319 2556 3376 Jer.
2612 3337 2688 3386 ιι,
2722 3323 2806 3384 15,
2835 3326 2904 3388 ῥεῖ(
2959 3324 3022 3374 Α.
3057 3323 3113 3374 Σ.
3146 3322 3206 3376 Θ.
3236 3322 3421 3377 θυσια-

1892 3411 2101 3480 στήρια.
2145 3405 2483 3481 Frequenter
2539 3412 2698 3466 etiam
2754 3414 2843 3466 ubi
2895 3414 3051 3468 lectio
3097 3429 3160 3467 ex
3208 3414 3421 3483 Aquila,

1895 3497 2214 3568 Symmacho
2238 3509 2290 3554 et
2338 3500 2700 3556 Theodotione
2749 3503 3012 3571 prodibat,
3059 3511 3180 3572 post
3232 3503 3420 3557 asterio

1888 3602 2034 3641 scum
2066 3591 2112 3641 oi
2140 3591 2210 3655 I",
2251 3591 2300 3642 id
2334 3600 2414 3644 est
2467 3601 2566 3644 tres
2618 3593 2937 3660 interpretes.
2965 3593 3256 3661 ponebatur
3291 3611 3306 3648 :
3341 3593 3420 3648 sic

1887 3676 2066 3733 Hesai.
2093 3695 2312 3742 xxxvtn,
2348 3681 2401 3742 5,
2431 3683 2497 3747 Χ
2519 3683 2566 3733 οἱ
2591 3682 2648 3734 Γ.
2674 3683 2714 3734 Ω
2734 3682 2794 3752 δὴ
2818 3683 2968 3752 κύριε
3000 3685 3021 3752 ζ

1956 3767 2014 3819 In
2050 3769 2424 3821 vetustissimis
2442 3770 2712 3824 codicibus
2735 3769 3084 3836 Coisliniano,
3106 3771 3418 3829 Claromon~

1886 3861 2048 3915 lano,
2097 3855 2206 3908 sive
2239 3853 2350 3908 RR.
2409 3855 2511 3908 PP.
2549 3856 2870 3911 Jesuitarum
2917 3860 3120 3929 collegii
3162 3861 3416 3916 Ludovici

1884 3941 2056 4012 Magni
2087 3945 2293 4006 elaliis,
2327 3954 2447 4012 post
2491 3948 2774 4000 asteriscus
2803 3949 3016 4001 nomina
3066 3949 3414 4018 interpretum

1884 4046 1912 4084 a
1943 4031 2130 4098 primis
2160 4031 2348 4085 litteris
2372 4032 2746 4086 describuntur
2786 4041 2843 4085 ut
2869 4047 3028 4100 supra
3050 4072 3066 4096 ,
3098 4035 3166 4087 ita
3219 4045 3277 4088 ut
3304 4035 3412 4089 fre-

1883 4119 2227 4186 quentissime
2255 4120 2541 4173 asteriscus
2572 4136 2759 4175 nomen
2793 4122 3075 4188 praecedat,
3112 4123 3286 4178 rarius
3316 4141 3412 4178 au-

1885 4214 1986 4258 tem
2017 4220 2207 4259 nomen
2257 4207 2591 4261 asteriseum.
2651 4206 2841 4261 Utrum
2865 4224 2988 4261 vero
3023 4210 3136 4277 ipse
3157 4209 3411 4282 Origenes

1883 4295 2097 4348 nomina
2147 4311 2266 4348 cum
2315 4296 2658 4350 asteriscisiu
2692 4307 2836 4352 textu
2871 4315 2982 4354 suae
3022 4301 3270 4355 editionis
3311 4316 3409 4370 po-

1882 4387 2084 4446 suerit;
2111 4400 2176 4437 an
2207 4385 2257 4438 id
2281 4387 2622 4454 subsequenti
2657 4402 2768 4442 arvo
2820 4390 2888 4443 ab
2924 4391 2991 4444 iis
3026 4390 3116 4459 qui
3151 4389 3412 4460 l’lexaplo-

1884 4489 2001 4526 rum
2033 4475 2285 4530 lectiones
2319 4478 2662 4546 collegerunt,
2693 4480 2824 4533 etin
2869 4480 3056 4536 Bibliis
3095 4490 3406 4550 posuerunt,

1882 4563 2077 4619 factum
2111 4565 2286 4630 fuerit,
2318 4583 2423 4621 non
2455 4569 2525 4622 ita
2554 4568 2708 4624 facile
2727 4580 2806 4625 est
2831 4572 3089 4626 divinare.
3125 4572 3281 4625 Certe
3312 4585 3405 4624 co.

1879 4655 1980 4709 de:
2010 4655 2096 4710 ille
2121 4653 2231 4709 RR.
2260 4655 2359 4710 PP.
2387 4656 2708 4712 Jesuitarum
2741 4660 2792 4714 in
2814 4658 3040 4716 Jeremia
3063 4669 3112 4714 et
3134 4659 3406 4714 Ezechiele

1879 4759 2016 4814 saepe
2049 4746 2335 4801 asteriscos
2363 4747 2414 4799 iu
2445 4749 2559 4816 ipso
2583 4758 2723 4802 textu
2755 4751 2921 4817 ponit,
2971 4749 3255 4816 subjuncto
3291 4750 3404 4818 ple-

1877 4849 2103 4904 rumque
2130 4851 2160 4889 a
2194 4837 2361 4904 prima
2401 4838 2572 4891 solum
2603 4839 2775 4891 littera
2818 4838 3032 4892 nomine
3077 4839 3401 4907 interpretis,

1877 4937 1940 4978 ex
1966 4939 2074 4992 quo
2117 4924 2273 4978 lectio
2300 4926 2386 4978 illa
2428 4927 2692 4995 adjectitia
2738 4926 3014 4994 desumpta
3063 4924 3197 4987 fuit.
3234 4927 3312 4982 sic
3341 4931 3408 4999 χ

1875 5012 1942 5076 Α,
1970 5013 2050 5067 vel
2085 5016 2150 5081 Χ
2181 5014 2243 5080 Θ,
2271 5015 2350 5068 vel
2377 5017 2441 5082 )t(
2469 5015 2518 5066 οἱ
2543 5016 2598 5066 Γ.
2623 5014 2869 5069 Fortasse
2891 5030 3015 5068 vero
3047 5016 3171 5084 quia
3205 5024 3263 5069 ut
3291 5021 3406 5086 plu-

1875 5102 2068 5156 rimum
2101 5103 2478 5159 Theodotionis
2513 5104 2766 5157 lectiones
2808 5117 2926 5156 cum
2955 5105 3224 5159 asteriscis
3270 5107 3403 5160 adeo

1874 5191 2022 5244 rebat
2073 5189 2345 5260 Origenes,
2382 5191 2756 5246 Theodotionis
2807 5207 3000 5246 nomen
3046 5209 3153 5247 non
3199 5194 3404 5248 solebat

1874 5282 2167 5350 exprimere
2192 5300 2206 5348 ;
2232 5283 2434 5350 Aquila:
2464 5295 2588 5335 vero
2608 5282 2731 5350 quia
2764 5284 2940 5336 rarius
2962 5324 2977 5349 ,
3011 5297 3065 5337 et
3094 5284 3400 5354 Symmachi

1875 5373 1999 5437 quia
2036 5373 2330 5434 rarissime,
2367 5371 2826 5439 interpretationes
2859 5388 2978 5425 cum
3019 5372 3286 5426 asteriscis
3319 5371 3399 5421 iu-

1875 5459 2102 5524 serebat,
2131 5459 2344 5511 nomina
2374 5473 2403 5511 a
2435 5459 2604 5526 prima
2642 5459 2812 5512 littera
2851 5459 3165 5527 depingebat
3189 5496 3203 5520 ,
3230 5465 3284 5506 ut
3316 5455 3397 5505 in--

1873 5547 2072 5601 dicaret
2095 5561 2197 5599 non
2221 5562 2283 5600 ex
2308 5545 2668 5601 Theodotione
2691 5563 2787 5616 pro
2805 5549 2959 5602 solito
2985 5547 3140 5600 verba
3162 5539 3389 5606 decerpi.

1878 5631 1978 5689 Sed
2005 5636 2101 5688 hoc
2129 5647 2191 5686 ex
2223 5633 2526 5701 conjectura
2556 5644 2760 5689 tantum
2787 5636 3002 5690 dicitur.
3235 5713 3259 5716 Δ
3397 5701 3406 5716 ί

1941 5725 2035 5780 Illa
2066 5731 2240 5777 autem
2273 5736 2390 5791 quae
2415 5738 2535 5778 cum
2565 5725 2832 5781 asteriscis
2871 5721 3034 5778 textui
3070 5717 3177 5771 τῶν
3223 5713 3276 5762 α
3305 5717 3390 5759 [ιι-
