3878 6406
493 375 555 433 71
1808 360 2314 418 ΡΒΕΙΛΜΙΝΑΒΙΑ

502 487 817 546 serebantur
840 523 857 548 ,
898 475 1186 549 aliquando
1238 476 1304 531 ad
1336 491 1526 552 sensus
1577 465 1942 545 integritatem
1992 483 2045 529 et
2070 478 2118 533 Α
2143 474 2247 526 lata
2271 511 2287 535 ,
2321 468 2538 524 alteram
2573 467 2838 537 adiecerat
2879 465 2958 520 sic.
2994 478 3056 517 σξη
3092 465 3359 552 ἐνεγαατε
3414 456 3688 552 τῷξίυρξ

497 575 880 635 accuratiorem
910 568 1317 638 explicationem
1362 572 1669 634 opportuna.
1709 574 1905 623 erant:
1949 563 2043 618 sed

499 679 559 724 ut
581 665 867 737 plurimum
904 658 1132 720 inutilia,
1161 665 1211 710 et
1237 646 1401 708 nimia
1452 653 1878 722 scrupulositate
1912 669 2042 708 cou-

495 755 800 812 sarcinata,
855 748 927 802 ita
983 754 1043 800 ut
1090 746 1210 814 plus
1263 742 1532 796 ofﬁcerent
1569 757 1736 810 quam
1773 744 2040 811 iuvarent.

495 838 795 897 llebraismi
828 835 1021 907 quippe
1045 848 1232 888 omnes
1254 848 1411 901 quos,
1439 839 1628 899 utpote
1659 847 1688 886 a
1718 832 1899 886 Graeca
1937 834 2043 887 lin-

491 949 591 1003 gua
628 937 682 983 et
717 927 949 982 dictione
985 938 1206 993 prorsus
1239 922 1615 989 abhorrentes,
1640 921 1884 977 consulto
1911 934 2044 986 prae-

490 1018 838 1077 termiserant
862 1013 999 1067 LXX
1023 1012 1342 1080 lnterpretes
1368 1051 1382 1074 ,
1419 1010 1628 1078 ubique
1674 1010 2045 1078 exprimeban-

492 1124 581 1165 tur
612 1123 626 1160 :
657 1122 776 1178 qua:
803 1114 1057 1175 quantam
1102 1101 1444 1170 κακοφωνίαν
1498 1099 1727 1153 editioni
1773 1098 2043 1167 hexaplari

493 1197 776 1262 inferrent,
801 1195 903 1248 hoc
930 1192 1172 1259 exemplo
1200 1190 1517 1244 declaratur.
1567 1187 1760 1244 Jerem.
1796 1204 1924 1241 me
1948 1227 1962 1249 ,
1990 1187 2042 1251 6,

495 1288 558 1353 )K
597 1285 692 1337 σὺν
733 1281 882 1349 zu;
930 1281 1189 1347 γυναῖκας
1215 1316 1228 1339 ,
1274 1276 1367 1328 καὶ
1410 1276 1474 1342 X
1519 1275 1619 1327 σὺν
1665 1274 1689 1341 ζ
1740 1273 1809 1325 τὰ
1846 1274 2042 1342 νήπια,

496 1373 587 1426 καὶ
642 1375 708 1440 >κ
756 1370 909 1436 σὺνζ
959 1368 1057 1431 τὰς
1098 1366 1312 1436 ψυχὰς,
1375 1367 1461 1419 ubi
1511 1363 1835 1418 Hebraicum
1887 1363 2046 1416 habet

495 1450 890 1522 wszn'SD-nm
1125 1466 1387 1541 titan-nm
1432 1462 1773 1513 nixam-ns:
1808 1452 1878 1505 ibi
1918 1451 2046 1505 illud

499 1550 595 1603 σὺν
626 1548 691 1603 ad
724 1545 1126 1616 exprimendam
1161 1542 1476 1612 particulam
1515 1551 1625 1605 ns,
1676 1548 1854 1594 notam
1888 1555 2048 1594 accu-

495 1638 655 1693 sativi
685 1651 842 1691 casus
871 1634 1011 1703 apud
1041 1633 1312 1697 Hebraeos,
1343 1647 1408 1685 ex
1433 1630 1646 1699 Aquila:
1662 1629 1895 1683 editione
1925 1644 2043 1683 cum

500 1729 759 1783 asterisco
798 1725 1088 1801 inseritur:
1117 1722 1271 1792 quasi
1299 1736 1426 1776 vero
1466 1721 1511 1774 si
1549 1720 1802 1774 articulus
1826 1730 1907 1777 ms
1931 1734 2046 1772 om-

2142 562 2245 613 υἱοὶ
2277 558 2408 611 Θεοῦ
2455 561 2520 624 >ε<
2547 558 2796 625 ἐνέγκατε
2835 553 2912 623 τῷ
2957 550 3149 622 Κυρίῳ
3191 549 3348 610 υἱοὺς
3400 545 3631 616 κριῶν·

2143 660 2262 703 est:
2294 662 2355 702 -t—-
2391 646 2584 715 Aﬂ'erte
2612 645 2853 710 Domino,
2881 643 2984 713 ﬁlii
3019 642 3117 694 Dei
3146 642 3216 706 >ε<
3249 638 3450 706 afferte
3501 634 3688 687 Domit

2143 740 2280 807 ﬁlios
2333 739 2595 790 arietum:
2641 751 2760 805 qum
2793 735 2963 787 ambae
2992 733 3045 786 in
3076 728 3223 784 LXX
3259 736 3317 781 et
3366 726 3428 779 in
3475 725 3688 777 versim

2144 828 2333 881 Latina
2359 832 2747 881 remanserunt.
2789 824 2879 877 Sic
2910 832 2962 875 et
2986 819 3171 874 llesai.
3214 832 3312 879 xv,
3339 816 3398 880 5,
3441 820 3687 872 riu-1er

2141 917 2229 977 A.,
2259 916 2340 975 Σ.,
2370 913 2457 977 6.,
2492 914 2582 966 καὶ
2608 915 2664 966 ἐν
2684 915 2803 975 ταῖς
2827 910 3111 971 πλατείαις
3153 905 3357 973 αὐτῆς.
3396 906 3461 954 0'
3483 941 3499 965 ,
3538 902 3641 954 καὶ

2141 1007 2258 1067 ταῖς
2284 1003 2479 1075 ῥύμαις
2512 1004 2766 1073 αὐτῆς...
2815 1001 2917 1055 Sed
2949 1010 3184 1068 utraque
3233 995 3410 1049 lectio
3444 997 3522 1047 ab
3565 993 3688 1045 hex:

2144 1092 2281 1160 plari
2307 1092 2540 1145 editione
2564 1091 2841 1158 desumpta
2875 1090 2928 1142 in
2953 1084 3247 1141 bodiernis
3281 1081 3492 1135 Bibliis
3524 1095 3678 1134 rema

2144 1183 2231 1244 sit,
2264 1183 2355 1236 καὶ
2378 1183 2435 1234 ὲν
2462 1185 2577 1244 ταῖς
2604 1180 2875 1243 πλατείαις
2904 1178 3098 1246 αὐτῆς,
3122 1174 3224 1227 καὶ
3257 1173 3321 1225 ὲν
3353 1173 3491 1234 ταῖς
3538 1170 3688 1240 popa

2144 1272 2359 1341 αὑτῆςε
2414 1271 2591 1341 itaque
2642 1272 2812 1341 prima
2865 1270 3044 1323 versio
3096 1264 3424 1329 asterisco,
3495 1277 3688 1317 secuna

2143 1363 2296 1417 obelo
2325 1363 2404 1417 vel
2436 1362 2611 1432 potius
2648 1361 2927 1422 lemnisco,
2959 1367 3149 1412 notata
3185 1356 3376 1409 fuerat
3404 1395 3421 1419 ,
3460 1353 3565 1407 sed
3611 1367 3685 1404 no

2144 1465 2328 1506 omnes
2373 1468 2402 1505 a
2447 1450 2674 1520 vulgatis
2717 1448 3119 1518 exemplaribus
3170 1445 3548 1499 exciderunt.
3615 1439 3688 1494 Rc

2143 1542 2371 1597 similem
2400 1542 2520 1596 vide
2542 1541 2735 1595 Ezech.
2770 1540 2974 1603 xxu,.’<,
3007 1549 3062 1592 et
3084 1553 3257 1602 χχιιι,
3296 1535 3390 1600 19,
3432 1533 3682 1600 multisq

2145 1631 2263 1684 aliis
2293 1631 2345 1685 in
2377 1630 2512 1684 locis
2536 1644 2654 1699 quae
2680 1630 2894 1698 longum
2917 1636 3062 1682 esset
3085 1640 3419 1680 recensere.
3456 1622 3676 1677 Verum

2147 1721 2231 1776 his
2261 1722 2515 1790 exemplis
2561 1736 2664 1773 non
2699 1720 2914 1783 ohelos,
2959 1720 3051 1772 sed
3091 1718 3413 1771 lemniscos
3465 1715 3688 1768 adbibit

500 1817 631 1871 nino
653 1814 1028 1885 exprimendus
1052 1782 1190 1872 erat,
1224 1826 1330 1865 non
1362 1818 1445 1864 sat
1465 1817 1594 1877 apte
1618 1809 1930 1862 redderetur
1956 1822 2049 1876 per
2077 1782 2119 1835 Β
2148 1808 2314 1864 fuisse
2342 1817 2489 1877 puro,
2520 1820 2579 1861 ut
2602 1808 2826 1862 articulo
2862 1806 3109 1875 sequenti
3140 1806 3451 1875 probatur.

501 1906 760 1961 articulos
794 1903 1006 1958 Grtecos
1036 1901 1134 1964 τὰς
1161 1909 1213 1954 et
1242 1900 1328 1952 τά.
1374 1896 1696 1966 Huiusmodi
1729 1911 2051 1965 supervaca-

501 2013 659 2052 neam
703 1995 1028 2066 diligentiam
1058 2033 1072 2055 ,
1115 2001 1209 2046 aut
1241 2001 1297 2045 ut
1336 1990 1528 2043 melius
1568 1989 1779 2043 dicatur
1819 1985 2052 2056 κακοζη-

426 2108 441 2114 -
499 2088 641 2151 λίαν,
671 2085 967 2140 sexcenties
999 2082 1327 2138 observahis.
1362 2079 1452 2135 Sic
1481 2087 1537 2132 et
1565 2078 1739 2132 Levit.
1779 2094 1841 2141 ιι,·
1866 2078 1929 2137 2,
1959 2076 2052 2129 καὶ

498 2176 832 2249 δραξάμενος
874 2173 1051 2244 πλήρη
1092 2174 1190 2243 τὴν
1228 2170 1400 2243 δράκα
1436 2172 1501 2237 >κ
1545 2168 1705 2222 αὐτοῦ
1740 2169 1762 2236 ζ
1808 2165 1914 2222 ἀπὸ
1957 2167 2052 2236 τῆς

503 2264 831 2337 σεμιδάλεως
872 2267 938 2331 Β(
981 2261 1148 2331 αὐτῆς
1185 2262 1207 2328 ζ
1259 2262 1352 2313 σὺν
1405 2258 1481 2329 τῷ
1516 2259 1678 2325 ἐλαίῳ
1720 2261 1784 2326 χ(
1829 2256 2047 2327 αὐτῆςζ

505 2355 597 2408 ubi
622 2352 994 2424 pronominum
1015 2352 1156 2404 illam
1184 2351 1578 2419 repetitionem,
1598 2364 1759 2415 quam
1787 2347 2053 2402 llebraicte

505 2442 704 2511 linguae
742 2441 1045 2508 propriam,
1093 2447 1151 2490 ut
1182 2437 1533 2505 inelegantem
1578 2436 1929 2503 inutilemque
1967 2447 2051 2486 re-

507 2537 765 2599 spuerant
792 2526 928 2579 LXX
953 2529 1271 2593 lnterpretes
1293 2567 1307 2590 ,
1343 2541 1467 2579 cum
1501 2525 1773 2578 asteriscis
1819 2524 2054 2578 restituit

503 2617 784 2688 Origenes.
820 2615 1101 2668 lnnumera
1145 2615 1231 2667 his
1281 2614 1478 2668 similia
1513 2615 1563 2666 in
1594 2613 1823 2667 decursu
1874 2614 2052 2681 operis

506 2708 670 2775 hujus
695 2703 1085 2757 animadvertet
1116 2703 1356 2757 eruditus
1385 2703 1573 2757 lector.

574 2795 692 2849 Alia
715 2809 930 2864 quoque
957 2794 1122 2847 multa
1153 2793 1205 2845 in
1239 2792 1486 2846 versione
1526 2807 1626 2846 sua
1672 2791 2055 2859 praetermisere

508 2879 670 2945 LXX,
706 2894 845 2950 quae,
879 2879 1002 2933 licet
1023 2878 1290 2932 enuntiari
1317 2887 1556 2946 possent,
1582 2878 1716 2931 nihil
1744 2878 1809 2932 ad
1838 2892 2053 2932 sensum

505 2950 630 3040 apte
655 2969 1061 3038 exprimendum
1104 2968 1385 3037 iuvabant.
1437 2966 1527 3021 Sic
1576 2966 1686 3022 Jer.
1739 2967 2056 3031 1,18,ha2c

2420 1897 2506 1951 IV.
2539 1898 2615 1951 De
2643 1897 2903 1951 lemniscis
2929 1906 2979 1948 et
3008 1895 3471 1964 hypolenmiscis.

2218 1988 2534 2043 Lemniscus
2567 1988 2746 2042 Graece
2771 1986 3065 2056 λημνίσκος
3112 2000 3212 2039 seu
3259 1986 3580 2055 λιμνίσκος
3622 1984 3687 2037 ὁὶ

2150 2088 2255 2143 tur,
2281 2078 2370 2132 sed
2397 2086 2668 2146 postrema
2702 2074 2856 2128 lectio
2891 2074 3075 2129 Grmca
3113 2075 3394 2128 mendose
3427 2092 3504 2129 ex
3540 2076 3688 2142 vnlg:

2151 2166 2238 2220 illa
2264 2165 2557 2219 mutatione
2587 2162 2677 2215 τοῦ
2706 2179 2743 2228 η
2772 2162 2824 2213 in
2860 2178 2877 2213 ι
2905 2161 3128 2214 inducta
3180 2172 3454 2230 putatur.
3506 2162 3598 2216 Ab
3636 2162 3688 2230 [ῖς

2150 2254 2347 2324 phanio
2380 2262 2555 2307 autem
2598 2251 2757 2320 hujus
2795 2250 2945 2304 vocis
2991 2249 3289 2320 λιμνὶσκος
3336 2260 3581 2322 etymon
3636 2254 3688 2306 in

2151 2344 2379 2413 petitur,
2422 2341 2507 2395 διὰ
2538 2341 2598 2394 τὸ
2634 2338 2909 2410 λιμνάζειν
2951 2339 3295 2410 κλυζόμενον
3327 2342 3431 2395 τὸν
3486 2343 3664 2414 μότον

2151 2438 2260 2498 τοῖς
2287 2433 2468 2495 τόποις
2498 2433 2700 2502 ὑγροῖς,
2738 2432 2788 2485 id
2815 2440 2915 2495 est,
2944 2431 3088 2501 quod
3110 2431 3246 2484 vitta
3279 2432 3407 2499 illa,
3439 2449 3621 2502 quam
3651 2453 3688 2489 ιι

2151 2524 2253 2578 dici
2288 2522 2594 2576 vulneribus
2618 2523 2868 2576 curandis
2895 2530 3198 2591 apponunt,
3238 2522 3301 2575 in
3329 2524 3484 2578 locis
3512 2526 3688 2579 humi.

2152 2612 2435 2666 humerum
2465 2611 2617 2680 copia
2642 2611 2917 2666 redundet.
2947 2609 3051 2664 Sed
3082 2611 3202 2664 hazc
3236 2613 3412 2666 vocis
3441 2614 3613 2683 origo
3641 2614 3685 2684 jl

2151 2702 2420 2770 respuitur
2472 2717 2502 2755 a
2537 2702 2668 2755 viris
2706 2701 2899 2755 doctis.
2944 2699 3081 2754 Nam
3124 2702 3445 2772 λιμνίσκος
3502 2706 3688 2761 vitiatt

2151 2801 2250 2855 est,
2276 2800 2328 2845 et
2354 2792 2643 2861 λημνίσκος
2670 2792 2943 2845 scribitur.
2976 2790 3053 2845 De
3078 2792 3244 2860 cujus
3273 2796 3547 2851 nominis
3580 2807 3688 2868 ctyt

2152 2882 2279 2950 quid
2322 2882 2517 2934 sentiat
2560 2880 2639 2932 vir
2689 2880 3090 2935 eruditissimus
3142 2881 3496 2941 Bernardus
3544 2887 3688 2941 Mem

2154 2971 2355 3039 paucis,
2383 2977 2441 3022 ut
2471 2970 2539 3023 ab
2562 2984 2625 3023 eo
2648 2968 2867 3038 accepi,
2918 2985 3244 3039 expromam
3278 2989 3295 3025 :
3351 2993 3373 3025 ‹
3426 2976 3688 3033 Αιιιριιιιξι

507 3057 767 3113 Hebraica
800 3057 959 3112 verba
987 3065 1159 3136 Trin:
1183 3069 1287 3115 nm
1321 3064 1434 3116 um
1455 3056 1593 3109 LXX
1621 3066 1907 3119 verterant,
1946 3057 2051 3110 ἰδοὺ
2078 3099 2123 3158 c
2155 3076 2272 3130 pag.
2311 3060 2414 3113 200
2450 3059 2700 3114 editionis
2730 3058 3109 3130 Lugdunensis
3139 3104 3173 3127 ,_
3194 3063 3256 3116 in
3298 3068 3543 3133 prolixo
3593 3069 3688 3124 Ca]

506 3147 726 3202 τέθεικά
756 3164 836 3209 σε,
868 3162 980 3200 ecce
1000 3148 1150 3215 posui
1193 3156 1262 3211 te,
1294 3146 1538 3215 nihilque
1572 3147 1637 3200 ad
1666 3162 1881 3200 sensum
1906 3145 2051 3199 desi-

509 3238 828 3303 derabatur;
869 3234 1126 3306 Origenes
1156 3250 1317 3300 vero,
1366 3237 1781 3304 prmtermissam
1825 3244 1935 3297 um
1959 3252 2051 3290 voc

506 3342 627 3382 cem
656 3327 989 3391 existimans,
1023 3340 1145 3379 cum
1171 3325 1433 3380 asterisco
1465 3340 1531 3379 ex
1555 3323 1878 3395 Symmacho
1910 3325 2052 3379 dele-

507 3423 659 3470 ctum
693 3415 957 3484 supplevit
979 3417 1043 3481 >ε<
1066 3414 1124 3467 Σ.
1156 3412 1265 3481 ἐγὼ
1293 3413 1348 3466 δὲ
1386 3413 1408 3482 ζ
1441 3422 1499 3468 ut
1520 3414 1597 3468 sic
1629 3417 2053 3482 exprimerentur

507 3506 694 3561 omnia
721 3505 822 3559 hoc
846 3503 1005 3559 modo
1037 3522 1051 3558 :
1086 3503 1194 3573 Ego
1215 3513 1386 3558 autem
1406 3520 1518 3557 ecce
1537 3505 1686 3572 posui
1710 3514 1776 3557 te.

581 3592 778 3648 Obelos
805 3592 1050 3647 similiter
1080 3608 1218 3661 saepe
1243 3594 1423 3662 posuit
1451 3609 1547 3663 pro
1574 3594 1821 3648 notandis
1849 3594 1916 3648 iis
1937 3610 2054 3664 qua:

509 3698 636 3739 cum
664 3684 717 3738 in
737 3680 1008 3737 ‘Hebraico
1043 3699 1151 3737 non
1179 3691 1454 3738 exstarent
1474 3722 1490 3748 ,
1530 3684 1585 3738 in
1610 3685 1903 3741 .cditionem
1946 3685 2052 3737 τῶν

513 3775 569 3826 0'
599 3773 804 3826 invecta
836 3771 1046 3825 fuerant
1072 3788 1087 3835 ;
1117 3786 1302 3826 verum
1349 3772 1643 3841 saepissime
1685 3788 1747 3826 ea
1780 3781 1837 3827 ut
1865 3789 2054 3843 ampu-

513 3861 673 3916 tanda
696 3860 870 3916 obelis
897 3860 1121 3926 notavit,
1152 3875 1272 3930 qua:
1298 3876 1329 3914 a
1362 3860 1505 3916 LXX
1546 3859 1929 3930 Interpretihus
1969 3862 2052 3915 vel

510 3951 769 4006 claritatis
791 3950 873 4004 vel
902 3949 1175 4020 elegantia:
1212 3964 1379 4005 causa
1408 3950 1580 4020 posita
1623 3952 1867 4016 fuerant,
1903 3967 2050 4020 quaa-

511 4056 618 4111 que
645 4042 768 4096 licet
800 4041 854 4094 iu
884 4038 1144 4094 Hebraico
1194 4040 1260 4094 ad
1294 4041 1517 4095 verbum
1550 4056 1657 4094 non
1686 4042 2051 4110 exprimeren-

511 4138 623 4194 tur,
654 4129 833 4184 sensui
866 4137 1042 4182 tamen
1068 4128 1387 4183 illustrando
1417 4129 1697 4184 commoda
1725 4137 1896 4183 erant.
1924 4127 2054 4194 Quae

514 4232 677 4288 porro
710 4227 964 4272 notantur
999 4218 1182 4280 obelo,
1223 4219 1513 4286 aliquando
1559 4218 1843 4283 dicuntur,
1883 4219 2050 4288 ἀμφι-

516 4304 705 4370 ϐόλως,
742 4306 794 4359 id
818 4316 902 4360 est
928 4305 1102 4372 dubie,
1134 4306 1331 4373 jacere.
1364 4306 1454 4359 Sic
1474 4306 1641 4361 codex
1665 4305 1969 4371 Vaticanus,
1998 4308 2051 4360 in

2155 3150 2273 3203 xeni
2307 3148 2499 3202 Rhodii
2526 3149 2662 3212 loco,
2694 3164 2876 3203 vocem
2903 3150 3232 3221 λιμνήσκοις
3262 3155 3449 3211 habet
3472 3197 3489 3221 ,
3551 3175 3683 3230 qua:

2155 3237 2392 3307 margine
2425 3238 2505 3292 sic
2533 3239 2884 3305 emendatur,
2923 3239 3211 3307 λινίσκοις,
3252 3254 3444 3316 atque
3496 3250 3577 3306 ita
3642 3254 3688 3308 le

2154 3324 2464 3380 Eustathius
2488 3325 2541 3378 in
2570 3341 2783 3381 versum
2814 3327 2918 3381 570
2947 3330 3143 3384 decimi
3196 3339 3401 3391 octavi
3441 3340 3580 3396 libri
3628 3342 3682 3395 Il

2153 3414 2266 3480 dos,
2302 3414 2389 3467 ubi
2443 3414 2586 3469 hunc
2617 3415 2790 3483 ipsum
2840 3417 2908 3470 ab
2959 3418 3227 3476 Athenaeo
3280 3425 3536 3482 allatum
3583 3431 3688 3487 locu

2155 3505 2336 3559 refert.
2371 3503 2585 3559 lsaacus
2609 3518 2733 3558 vero
2758 3504 3116 3561 Casaubonus
3134 3509 3191 3562 in
3224 3516 3420 3580 notis,
3448 3530 3557 3573 aut
3584 3521 3688 3592 )l-qp

2157 3610 2322 3657 σκοις,
2352 3602 2444 3647 aut
2473 3593 2728 3657 λινίσκσις
2757 3594 3041 3665 legendum
3084 3613 3211 3654 esse
3247 3604 3402 3659 dicit
3423 3648 3441 3672 ,
3480 3611 3585 3665 sed
3637 3630 3688 3665 ιιι

2154 3693 2289 3737 tram
2312 3684 2461 3738 alteri
2491 3684 2765 3738 lectionem
2788 3684 3037 3754 praeferre
3066 3689 3262 3746 audet.
3292 3693 3549 3753 Certum
3585 3713 3685 3759 aut

2154 3778 2254 3835 est,
2284 3786 2466 3825 vocem
2511 3771 2826 3842 λημνίσκος,
2869 3788 2988 3841 qua:
3020 3776 3293 3842 primitus
3343 3799 3661 3857 angustam

2153 3863 2315 3916 sciam
2344 3861 2699 3931 signiﬁcabat,
2723 3879 2788 3917 ex
2813 3878 2942 3917 voce
2969 3863 3130 3934 λῆνος
3155 3907 3171 3930 ,
3206 3869 3359 3927 lana
3379 3917 3396 3943 ,
3454 3879 3687 3937 derivat

2153 3967 2291 4017 esse,
2323 3954 2448 4031 qLIia
2473 3953 2541 4006 ab
2572 3953 2681 4021 ipsa
2713 3952 2918 4021 origine
2942 3952 3129 4010 fasciaa
3179 3957 3549 4031 huiusmodi
3605 3974 3687 4027 lar

2154 4050 2324 4095 erant.
2351 4039 2486 4095 Hinc
2516 4055 2642 4094 vero
2678 4039 2999 4108 Syracusani
3048 4044 3339 4113 singulari
3386 4055 3688 4117 formatim

2154 4132 2272 4185 loco
2298 4130 2387 4184 τοῦ
2413 4131 2701 4197 ληνίσκος
2722 4169 2738 4194 ,
2768 4130 2971 4184 inserto
2989 4150 3056 4202 μ,
3082 4132 3149 4204 λη
3158 4139 3260 4204 μνί
3270 4158 3421 4209 σκος
3455 4145 3687 4205 facerm

2154 4238 2275 4293 qua:
2317 4237 2478 4306 causa
2500 4221 2685 4276 fuitut
2724 4223 2838 4275 haec
2861 4218 2963 4275 vox
3013 4238 3112 4292 pro
3165 4225 3565 4297 Syracusana
3611 4244 3687 4296 ha

2154 4321 2320 4367 retur.
2356 4310 2670 4382 Hesychius,
2695 4310 3021 4381 λημνίσκους
3070 4313 3173 4378 τὰς
3205 4323 3433 4389 στενὰς
3485 4324 3688 4403 Συρακ

516 4394 647 4450 illud
683 4394 872 4464 psalmi
919 4411 973 4458 x,
1012 4395 1066 4458 4,
1110 4394 1265 4449 Oculi
1306 4395 1417 4463 ejus
1456 4397 1509 4448 in
1560 4412 1833 4466 pauperem
1888 4397 2051 4466 respi-

2157 4419 2263 4454 σιοι
2287 4400 2515 4465 ταινίας,
2545 4400 2882 4470 subintellige
2913 4399 3156 4467 λέγουσι.
3206 4402 3375 4465 Hinc
3419 4416 3501 4470 ad
3540 4394 3661 4473 aiia

514 4485 683 4547 ciunt,
714 4484 804 4538 ubi
832 4483 992 4547 illud,
1029 4484 1085 4536 in
1122 4500 1420 4554 pauperem,
1450 4501 1557 4539 non
1586 4497 1667 4540 est
1721 4486 1773 4540 in
1811 4485 2054 4550 Hebraeo,

519 4575 635 4630 haec
657 4575 838 4640 habet,
869 4573 943 4627 Τὸ
971 4576 1056 4640 εἰς
1090 4576 1198 4628 τὸν
1230 4575 1455 4643 πένητα
1484 4576 1539 4626 ὲν
1567 4577 1632 4645 τῇ
1663 4574 1823 4627 σελίδι
1864 4574 1970 4628 τῶν
2002 4579 2057 4628 0⁸

518 4664 693 4718 Euam-0
722 4664 877 4736 μόνον
909 4664 1249 4735 ἀμφιϐόλως·
1278 4664 1446 4730 idest,
1473 4664 1637 4728 Illud,
1670 4666 1722 4718 in
1749 4680 2056 4735 pauperem,

512 4754 566 4805 iu
596 4753 710 4808 sola
748 4751 899 4807 LXX
939 4752 1290 4822 Interpretum
1335 4752 1574 4806 columna
1623 4753 1778 4806 dubie
1822 4753 2057 4822 jacebat.

518 4838 690 4894 Dubie
721 4841 946 4906 scilicet,
975 4841 1104 4910 quia
1132 4840 1257 4894 licet
1282 4840 1336 4893 in
1381 4838 1601 4896 Hebraeo
1632 4839 1877 4910 Origeuis
1916 4853 2059 4897 tem~

522 4941 657 4997 pore
684 4943 792 4982 non
821 4928 1044 4997 iaceret,
1075 4929 1149 4985 ibi
1179 4937 1392 4985 exstare
1434 4938 1679 5000 potuerat
1716 4931 1855 4985 LXX
1889 4933 2059 4989 Inter-

519 5022 735 5086 pretum
757 5031 892 5070 aevo.

595 5100 713 5157 Non
739 5104 898 5157 modo
924 5115 1100 5160 autem
1128 5122 1192 5162 ea
1219 5123 1339 5177 quae
1360 5123 1424 5163 ex
1454 5108 1686 5165 editione
1707 5110 1813 5164 τῶν
1842 5112 1895 5166 0'
1922 5113 2060 5167 exci-

523 5192 734 5258 derant,
749 5205 873 5245 cutn
896 5195 1168 5250 asteriseis
1193 5196 1756 5271 supplevitOrigenes;
1787 5202 1880 5256 sed
1896 5203 2057 5258 etiam

525 5283 572 5339 si
589 5281 803 5352 quando
817 5282 981 5336 editio
995 5283 1101 5338 τῶν
1116 5291 1170 5339 0'
1188 5303 1291 5343 non
1314 5290 1579 5345 videretur
1596 5290 1905 5353 Hebraicam
1923 5295 2060 5348 veri-

525 5383 688 5428 tatem
701 5381 945 5426 accurate
956 5373 1267 5444 exprimere,
1280 5380 1430 5435 obelo
1444 5390 1621 5436 notata
1638 5383 1800 5450 priori
1813 5382 2056 5447 lectione,

527 5463 748 5518 alteram
769 5460 1026 5517 asterisco
1046 5463 1305 5533 signatam
1322 5483 1387 5523 ex
1406 5471 1523 5525 aliis
1541 5471 1914 5541 interpretibus
1932 5473 2014 5541 adi
2023 5473 2060 5526 i-

524 5550 719 5608 ciebat.
747 5547 835 5605 Sic
861 5550 928 5605 ad
954 5550 1077 5606 illud
1104 5566 1186 5622 ps.
1208 5570 1394 5623 xxvm,
1425 5559 1479 5622 1,
1496 5544 1636 5619 nti-ix
1661 5568 1746 5621 ἐει
1770 5544 2056 5623 711375133,

526 5635 695 5714 prigri
739 5638 965 5697 lectione
994 5639 1167 5726 obelo,
1219 5644 1339 5733 sive.
1366 5647 1556 5734 melius
1591 5649 1851 5706 lemnisco
1894 5651 2062 5739 iugit-
2146 5635 2293 5728 .gene
2342 5635 2624 5729 usurpatos
2671 5654 2838 5711 fuisse
2867 5654 2943 5709 ait
2982 5655 3350 5739 Epiphanius:

2157 4490 2455 4562 gniﬁcanda
2500 4500 2757 4561 usurpata
2812 4503 2913 4544 vox
2949 4488 3071 4554 fuit,
3131 4506 3359 4565 nempe
3419 4517 3539 4572 pro
3589 4508 3685 4566 fas

2155 4583 2353 4652 quibus
2381 4596 2593 4637 coronae
2630 4579 3216 4649 circumplicabantur;
3257 4601 3383 4653 pro
3415 4593 3688 4655 lineamc

2155 4673 2439 4737 convoluto
2496 4670 2805 4725 vulneribus
2854 4669 3184 4735 inserendo;
3242 4674 3643 4757 demumque

2156 4771 2282 4817 nota
2311 4761 2591 4825 librorum,
2617 4760 2683 4815 de
2710 4773 2817 4828 qua
2838 4755 3072 4811 Isidorus
3099 4773 3113 4808 :
3140 4757 3494 4828 Limm’scus
3525 4755 3556 4839 ,—
3597 4779 3660 4831 id

2155 4851 2359 4922 virgula
2383 4852 2518 4904 inter
2547 4849 2772 4919 geminos
2804 4853 3017 4917 puncto-3
3043 4847 3238 4913 jacens
3267 4894 3285 4919 ,
3349 4867 3686 4932 αρροηξιω.

2155 4944 2221 4997 iis
2275 4942 2403 4995 locis
2446 4955 2561 5011 qua:
2617 4953 2783 4993 sacrm
2825 4935 3114 5005 Scriptura:
3176 4940 3545 5018 interpretes
3600 4976 3688 5012 eor

2156 5048 2329 5099 sensu,
2373 5032 2463 5086 sed
2497 5031 2712 5085 diversis
2768 5028 3085 5083 sermonibus
3135 5039 3616 5105 transtulerunt,
3673 5051 3688 5106 1

2156 5122 2353 5193 triplici
2383 5120 2769 5192 significatione
2797 5135 2901 5174 vox
2946 5120 3252 5190 λημνισκος
3305 5146 3623 5207 usurpata
3658 5143 3688 5198 τ

2156 5228 2347 5282 nempe
2370 5211 2436 5266 ad
2465 5226 2549 5265 res
2581 5210 2955 5280 signiﬁcaudas
2981 5212 3230 5279 angustis
3270 5216 3501 5286 fasciis
3531 5234 3688 5291 simil

2155 5314 2293 5371 quas
2327 5298 2643 5370 Syracusani
2666 5296 2989 5367 λημνίσκοος
3010 5299 3320 5362 vocabant.
3365 5329 3391 5363 ι

2226 5387 2352 5442 Inde
2371 5395 2592 5443 vocatus
2614 5386 2919 5450 lemniseus,
2953 5385 3066 5440 sive
3092 5386 3247 5446 linea
3289 5399 3468 5460 vitta:
3485 5392 3664 5468 more

2158 5477 2298 5549 picta
2323 5492 2442 5531 cum
2467 5477 2677 5532 duobus
2704 5475 2915 5565 punctis
2941 5514 2957 5539 ,
2995 5475 3166 5533 altero
3215 5497 3536 5565 superne,
3594 5505 3684 5560 alt

2146 5566 2366 5644 inferne
2395 5566 2581 5637 positis
2608 5566 2688 5622 sic
2715 5578 2777 5618 σε·
2808 5563 2930 5618 Ideo
2949 5575 3128 5621 autem
3171 5563 3626 5649 lemniscosab
3655 5594 3688 5651 ε

3336 5711 3382 5740 ,ι
3418 5692 3495 5734 ιιι
3546 5692 3688 5743 cum
