3878 6378
34 3746 41 3789 i

30 5574 51 5653 κ,

56 5120 65 5289 l

58 5314 79 5547 Ι

238 468 298 525 73
1461 481 1525 536 IN
1556 482 1868 539 HEXAPLA
1899 482 2231 540 ORIGENIS.
3340 484 3406 537 τι

170 1031 399 1100 duobus
425 1046 543 1085 vero
573 1035 812 1100 quando
843 1050 1146 1107 punctum
1182 1047 1440 1116 utrinque
1479 1048 1694 1116 ponitur
1719 1049 1797 1102 sic

178 1143 293 1185 σιν,
318 1126 367 1173 et
390 1126 507 1173 tunc
541 1116 868 1180 lernuiscus
904 1127 1158 1187 dicitur.
1213 1134 1369 1198 Quod
1412 1144 1468 1187 ut
1512 1135 1792 1203 intelligas,

184 1207 475 1273 historiam
504 1206 845 1266 cellularum
880 1216 1134 1286 triginta
1169 1235 1266 1274 sex
1310 1229 1515 1290 repetas
1539 1232 1746 1290 oportet
1776 1240 1791 1276 :

204 1294 327 1355 ubi,
347 1292 626 1362 Epiphanio
658 1311 964 1367 narrante,
986 1307 1141 1361 libro
1163 1309 1236 1362 De
1258 1311 1586 1377 ponderibus,
1609 1310 1793 1364 LXXII

215 1396 512 1454 interpretes
536 1390 680 1456 bini,
714 1392 843 1448 sive
869 1411 975 1465 per
1002 1401 1161 1467 paria
1192 1403 1478 1467 distributi,
1504 1404 1792 1472 Scripturis

225 1479 615 1545 interpretandis
642 1496 960 1541 vacarunt.
1013 1487 1136 1544 Hoc
1176 1491 1357 1560 itaque
1389 1492 1488 1545 sibi
1517 1492 1630 1544 vult
1670 1492 1793 1559 Epi-

231 1564 456 1633 phanius,
512 1566 638 1622 illas
711 1571 1040 1628 lectionum
1102 1579 1525 1647 discrepantias,
1574 1594 1691 1647 quae
1736 1581 1789 1633 in

244 1648 530 1717 Origeniana
564 1655 817 1712 editione
845 1660 1126 1718 lemnisco
1152 1664 1236 1718 vel
1280 1666 1671 1734 hypolemnisco
1716 1667 1790 1720 si-

238 1740 527 1807 gnabantur,
557 1759 684 1799 esse
725 1749 922 1804 varias
951 1753 1369 1816 translationes,
1411 1770 1529 1823 qua:
1570 1755 1636 1808 ab
1680 1770 1786 1809 uno

233 1830 443 1885 alterove
463 1833 833 1902 interpretum
869 1842 990 1908 pari
1024 1841 1183 1896 edita:
1217 1852 1412 1897 essent.
1455 1842 1687 1913 Hujusce
1709 1844 1781 1898 rei

207 578 429 643 animum?
447 575 544 629 τῶν
572 576 623 627 θ’
650 571 929 641 reperit“?
966 577 1191 652 aliqua
1218 605 1334 647 vox
1368 609 1473 648 non
1522 597 1793 650 cohaerens
1820 598 1863 654 Α
1892 593 2115 648 seorsim
2152 600 2205 646 et
2235 589 2352 644 aliis
2384 589 2697 644 inconsultis
2741 592 3251 662 interpretabantur,
3301 604 3406 649 tam

1897 682 2123 741 mirabili
2145 696 2409 735 consensu
2434 681 2760 748 interpretati
2786 691 2927 746 sunt,
2953 691 3011 736 ut
3040 699 3105 737 ne
3130 684 3406 740 minimum

1894 772 2102 838 quidem
2123 770 2399 824 interesset
2427 768 2772 833 discriminis,
2801 771 2865 824 ad
2892 772 3017 840 quid
3048 772 3151 827 illae
3176 783 3313 827 nota!
3341 778 3405 829 ad

1895 858 2176 912 indicanda
2195 856 2544 911 discrimina?
2579 855 2634 908 Si
2664 871 2810 917 vero,
2845 866 2904 909 ut
2945 859 3020 910 ait
3061 857 3405 926 Epiphanius,

1895 946 2203 1009 lemniscus,
2230 945 2319 1013 qui
2350 944 2560 998 duobus
2582 944 2794 1011 punctis
2823 953 3056 1009 notatur,
3078 946 3409 1014 significabat

1892 1035 1997 1089 duo
2026 1035 2367 1102 interpretum
2389 1034 2536 1101 paria
2570 1046 2746 1085 secum
2778 1033 3058 1086 convenire
3085 1034 3151 1087 ab
3184 1034 3408 1102 aliisque

1892 1123 2223 1192 discrepare;
2267 1123 2692 1193 hypolemniscus
2736 1137 2895 1186 vero,
2935 1122 3025 1189 qui
3081 1138 3189 1175 uno
3235 1124 3406 1177 solum

1892 1220 2085 1278 puncto
2109 1220 2338 1272 notatur,
2367 1226 2530 1264 unum
2554 1226 2647 1278 par
2683 1211 3024 1277 interpretum
3059 1208 3124 1262 ab
3152 1210 3269 1265 aliis
3292 1224 3407 1264 om-

1891 1299 2048 1352 nibus
2071 1298 2279 1352 dilferre.
2308 1297 2558 1366 :quando
2587 1314 2649 1351 ex
2672 1298 2884 1365 triginta
2916 1312 3007 1350 sex
3039 1297 3274 1364 paribus,
3306 1298 3408 1352 tria

1889 1389 1969 1441 vel
1999 1396 2227 1455 quatuor
2249 1388 2330 1441 vel
2352 1389 2663 1446 decem..vel
2694 1388 2973 1441 duodecim
2998 1388 3082 1442 vel
3105 1388 3256 1456 plura
3305 1389 3408 1441 dif-

1889 1478 2142 1541 ferebant,
2173 1494 2291 1547 qua:
2327 1486 2451 1533 tunc
2493 1488 2615 1532 nota
2639 1479 3019 1533 adhibebatur?
3056 1477 3184 1532 Nam
3223 1479 3268 1533 si
3299 1479 3407 1533 duo

1887 1565 2094 1618 dill'et're
2113 1575 2371 1633 poterant,
2400 1567 2517 1620 sine
2538 1566 2699 1620 dubio
2718 1573 2957 1633 poterant
2976 1574 3029 1619 et
3062 1566 3158 1619 tria
3181 1573 3232 1619 et
3250 1565 3406 1634 quin-

1885 1663 1987 1716 que
2015 1659 2065 1702 et
2093 1650 2241 1717 plura
2264 1651 2583 1719 discrepare.

1951 1735 2123 1801 Quare
2156 1740 2255 1791 hoc
2280 1777 2294 1801 ,
2342 1747 2522 1807 utpote
2571 1739 2814 1794 labuloso
2837 1776 2852 1801 ,
2888 1738 3264 1794 lemniscorum
3304 1755 3404 1795 usu

1886 1828 2100 1894 rejecto,
2135 1829 2271 1884 alius
2299 1831 2472 1884 verior
2514 1831 2879 1899 sinceriorque
2915 1831 3272 1900 exquirendus
3300 1839 3399 1887 est.

226 1916 319 1972 duo
347 1924 586 1989 exempla
614 1925 782 1979 am,“
809 1945 824 1991 ς
859 1903 1073 1983 έρίιίοει
1092 1945 1158 1984 εχ
1184 1933 1388 1999 ρεπιιιο
1415 1903 1554 1994 L“:
1572 1935 1655 1998 ιδ,
1682 1936 1775 1988 καὶ
1818 1903 1858 1957 Β
1886 1913 2115 1970 Joannes
2147 1915 2419 1971 Curterius
2448 1916 2762 1972 Prael’atione
2781 1918 2834 1970 in
2856 1917 3099 1988 Procopii
3135 1917 3405 1973 Commen.

225 2005 377 2074 στόμα
398 2026 497 2076 μου
522 2012 827 2079 ἀναγγελεῖ
848 2016 950 2085 τὴν
977 2018 1318 2090 δικαιοσύνην
1343 2037 1452 2086 σου,
1476 2023 1563 2075 ubi
1590 2023 1776 2090 adjun-

223 2098 447 2165 gehatur,
483 2103 793 2170 ἀναγγελεῖ
824 2107 927 2169 τὰς
952 2108 1293 2173 δικαιοσύνας
1331 2129 1451 2164 σουο
1497 2122 1551 2167 et
1584 2117 1771 2183 psalm.

221 2198 352 2248 uxr,
384 2189 470 2251 M,
496 2192 593 2242 καὶ
620 2191 852 2261 ἔντιμον
884 2195 946 2245 τὸ
968 2195 1139 2265 ὄνομά
1185 2214 1282 2266 μου
1332 2198 1552 2255 ἐνώπιον
1594 2203 1771 2269 αὑτοῦ,

222 2273 325 2337 ubi,
345 2275 421 2328 ait
448 2276 827 2346 Epiphanius,
864 2284 1016 2350 prius
1047 2284 1337 2351 legebatur,
1366 2288 1457 2339 καὶ
1486 2287 1693 2358 ἔντιμον
1716 2291 1774 2342 τὸ

220 2361 377 2433 δνομὰ
421 2383 521 2435 μου
580 2371 643 2419 ἐν
686 2370 998 2440 ὀφθαλμοῖς
1047 2374 1233 2426 αὑτοῦ.
1264 2375 1327 2428 Et
1382 2376 1566 2429 eodem
1616 2378 1772 2439 libro,

224 2457 397 2510 multis
424 2457 803 2526 interpositis,
837 2463 915 2514 ait
939 2463 1212 2517 lemniscis
1241 2465 1481 2534 insigniri
1500 2481 1591 2521 eas
1623 2482 1775 2522 voces

221 2555 333 2610 qua:
377 2546 431 2599 in
475 2547 697 2615 aliquot
744 2548 945 2603 LXXII
1005 2552 1350 2620 interpretum
1400 2569 1530 2608 voce
1572 2564 1773 2610 tantum

226 2645 325 2684 non
375 2649 533 2689 sensu
592 2638 845 2699 variant,
907 2647 968 2691 ut
1002 2640 1047 2691 si
1084 2640 1225 2708 quis,
1260 2643 1406 2694 verbi
1436 2645 1599 2712 gratia
1622 2683 1636 2707 ,
1676 2659 1774 2712 pro

219 2717 461 2790 ἑλάλητεν
487 2763 502 2786 ,
537 2724 698 2780 dicat
723 2768 740 2791 ,
778 2727 1100 2796 ἐφθέγξατο,
1131 2738 1181 2782 et
1205 2745 1300 2798 pro
1328 2727 1505 2799 ἦλθεν,
1534 2732 1769 2802 ἐλήλυθε.

216 2807 505 2881 Epiphanio
532 2818 752 2872 similia
797 2829 988 2873 narrat
1013 2820 1310 2890 Hesychius
1344 2823 1397 2875 in
1430 2824 1619 2891 psalm.
1671 2840 1771 2887 xu,

216 2897 268 2962 6,
302 2903 388 2956 ubi
409 2905 459 2957 in
477 2905 595 2960 haec
620 2905 899 2962 Hebraica
914 2910 1077 2963 verba
1099 2894 1310 2972 $17513:
1327 2918 1379 2969 9:)
1395 2897 1543 2971 mn“)
1564 2920 1770 2977 mm,

218 2988 323 3046 hac
353 2992 737 3063 interpretatio
768 3000 1016 3052 occurrit
1052 2999 1105 3051 in
1136 2998 1296 3064 LXX,
1328 3002 1475 3071 ’ᾼσω
1492 3002 1566 3073 τῷ
1590 3004 1774 3074 Κυρίῳ

211 3082 286 3151 τῷ
310 3085 738 3157 εὐεργετήσαντι
776 3105 868 3158 με,
900 3090 994 3143 καὶ
1015 3088 1169 3157 ψαλῶ
1197 3089 1272 3158 τῷ
1307 3089 1523 3159 ὀνόματι
1569 3093 1768 3162 Κυρίου

1876 2006 2061 2058 larium
2085 2006 2137 2057 in
2165 2004 2432 2070 Hesaiam,
2464 2014 2613 2075 putat
2644 2007 2931 2060 lemniscos
2966 2007 3264 2076 signiﬁcare
3308 2010 3391 2062 in-

1873 2101 2126 2160 terpretes
2183 2095 2389 2163 aliquos
2454 2095 2630 2148 verbis
2690 2097 3017 2158 convenire.
3095 2098 3396 2167 discrepare

1873 2196 2031 2235 sensu
2061 2201 2074 2245 ;
2130 2184 2556 2253 hypolemniscos
2585 2191 2760 2238 autem
2784 2223 2799 2247 ,
2843 2193 2897 2239 et
2928 2187 3104 2241 verbis
3142 2198 3195 2241 et
3238 2204 3400 2242 sensu

1872 2271 2190 2340 discrepare.
2219 2273 2320 2327 Sed
2349 2274 2399 2327 id
2425 2276 2589 2343 gratis
2620 2283 2674 2329 et
2698 2276 2815 2329 sine
2845 2277 3163 2331 auctoritate
3188 2278 3289 2331 ulla
3320 2279 3400 2331 di-

1873 2360 2030 2423 citur,
2056 2375 2152 2413 nec
2178 2360 2396 2427 intelligi
2423 2369 2598 2429 potest
2620 2376 2727 2428 quo
2754 2372 2908 2429 pacto
2933 2361 3184 2434 Origenes
3206 2365 3396 2418 lemni-

1873 2461 1993 2501 seos
2022 2456 2074 2501 et
2094 2447 2521 2518 hypolemniscos
2552 2448 2618 2500 ad
2644 2447 2801 2500 talem
2823 2463 2979 2502 usum
3028 2450 3392 2505 destinaverit.
3488 2506 3501 2522 ,

1874 2538 2072 2594 Masius
2103 2555 2229 2593 vero
2262 2549 2410 2609 putat
2437 2549 2560 2593 tunc
2591 2541 2862 2608 appositos
2910 2540 3076 2595 fuisse
3110 2543 3395 2597 lemniscos

1871 2635 1924 2678 et
1952 2627 2390 2696 hypolemniscos,
2415 2641 2536 2680 eum
2566 2626 2744 2680 varias
2767 2626 3021 2680 lectiones
3058 2626 3236 2694 plures
3262 2643 3394 2694 pau-

1872 2715 2106 2769 cioresve
2150 2717 2359 2770 codices
2393 2724 2710 2770 assererent.
2744 2717 2825 2768 An
2877 2730 3003 2769 vero
3033 2715 3284 2770 credibile
3312 2724 3394 2770 est
3476 2746 3487 2753 -

1871 2804 2145 2873 Origenem
2175 2805 2323 2859 hisce
2359 2806 2499 2859 notis
2523 2805 2587 2858 ad
2630 2804 2953 2874 exemplaria
2997 2803 3101 2858 τῶν
3146 2812 3199 2858 0'
3242 2806 3390 2862 varia

1870 2893 2157 2958 remisisse,
2188 2903 2279 2946 aut
2303 2894 2682 2961 exemplarium
2711 2893 2965 2948 lectiones
2996 2895 3169 2950 varias
3195 2895 3248 2949 in
3273 2895 3391 2964 ipso

1872 2992 2014 3037 textu
2054 2999 2174 3038 cum
2209 2983 2353 3037 hisce
2381 2984 2522 3038 netis
2549 2983 2879 3053 apposuisse,
2918 2999 3016 3037 nec
3052 2985 3163 3054 ipse
3200 2984 3387 3055 Orige-

1873 3089 1985 3136 nes,
2010 3088 2107 3128 nec
2131 3074 2267 3129 alius
2286 3074 2546 3143 quiSpiam
2574 3075 2675 3127 hoc
2691 3090 2924 3143 unquam
2950 3075 3100 3128 dixit.
3127 3074 3386 3129 Existimo

211 3171 295 3223 τοῦ
322 3173 565 3235 ὑψίστου.
604 3174 739 3228 Haec
766 3192 932 3244 porro
959 3177 1142 3241 verba,
1180 3176 1328 3246 ’ᾼσω
1362 3178 1436 3247 τῷ
1470 3179 1654 3250 Κυρίῳ
1694 3179 1764 3249 τῷ

1877 3164 2072 3233 igitur,
2101 3165 2543 3233 quemadmodum
2587 3166 2872 3221 asteri'scus
2920 3166 2985 3220 ad
3022 3167 3217 3221 omissa
3269 3180 3387 3235 quas

204 3258 625 3333 εὐεργετήσαντι
661 3282 770 3334 με,
833 3264 1073 3319 Cantabo
1124 3267 1338 3319 Domino
1386 3269 1473 3336 qui
1525 3268 1767 3336 benefecit

1869 3254 2254 3318 inserebantur,
2285 3255 2604 3319 adnotanda,
2637 3262 2690 3310 et
2712 3257 2896 3313 obelus
2920 3257 2986 3311 ad
3030 3270 3093 3310 ea
3141 3270 3261 3326 qua:
3301 3270 3387 3310 re-

202 3351 350 3415 llilu',
375 3361 544 3406 totum
582 3356 926 3408 versiculum
957 3354 1281 3409 Hebraicum
1307 3357 1631 3423 exprimunt,
1661 3372 1764 3411 eas-

1866 3346 2191 3411 dundabant,
2218 3347 2528 3414 jngulanda,
2560 3355 2620 3400 ut
2640 3346 2713 3399 ait
2745 3345 3115 3417 Ilieronymus,
3157 3348 3385 3417 appositi

194 3447 311 3498 tera
346 3448 692 3513 redundant;
723 3462 899 3515 quare
927 3446 1220 3501 Vaticanus
1248 3447 1412 3502 codex
1456 3448 1541 3503 hic
1582 3458 1763 3505 notat:

192 3524 272 3584 Te
317 3534 418 3586 καὶ
452 3534 633 3601 ψαλῶ
675 3534 761 3599 τῷ
805 3536 1051 3601 ὀνόματι
1089 3535 1305 3601 Κυρίου
1348 3535 1453 3587 τοῦ
1485 3538 1762 3603 ὑψίστου,

185 3621 292 3674 οὐκ
323 3622 501 3677 ἔκειτο
521 3627 655 3694 παρ’
669 3625 855 3677 οὐδενὶ
884 3628 943 3677 ὲν
963 3623 1041 3693 τῷ
1063 3625 1430 3694 τετρασελίδῳ,
1462 3624 1580 3677 οὔτε
1611 3628 1667 3678 ἐν
1690 3626 1765 3696 τῷ

185 3705 457 3767 Εὐπδίου
486 3714 583 3766 τοῦ
624 3714 959 3783 Παμφίλου,
1004 3713 1127 3766 οὔτε
1160 3714 1217 3766 ἐν
1255 3713 1331 3782 τῷ
1372 3713 1667 3784 Ἐὁραῖκῷ·
1710 3716 1762 3770 id

181 3813 311 3856 est:
346 3802 513 3864 Illud,
540 3802 789 3856 Psallam
826 3802 1032 3853 nomini
1055 3800 1264 3853 Domini
1300 3801 1581 3866 altissimi,
1626 3804 1761 3871 apud

181 3895 448 3945 neminem
481 3894 533 3944 in
556 3892 909 3961 quadruplici
942 3893 1187 3944 columna
1222 3891 1474 3959 jacebat;
1523 3908 1679 3961 neque
1706 3894 1759 3945 in

180 3978 419 4033 Eusebio
449 3980 748 4048 Pamphili,
781 3996 947 4049 neque
973 3981 1028 4031 in
1050 3980 1329 4034 Hebraico.
1359 3980 1437 4034 lbi
1460 3995 1586 4035 vero
1613 3990 1761 4034 notat

178 4061 531 4138 Hesychius:
587 4068 797 4122 Τοῦτον
841 4068 934 4120 τὸν
982 4069 1163 4137 στίχον
1207 4068 1301 4122 δύο
1343 4067 1510 4137 ζυγὰς
1550 4068 1653 4121 τῶν
1683 4070 1756 4121 06'

177 4155 532 4230 ἑρμηνευτῶν
564 4157 755 4212 εἷπον·
788 4158 923 4211 διότι
948 4158 1275 4228 παράκειται
1324 4160 1542 4227 σημεῖον
1583 4158 1642 4211 τὸ
1672 4160 1756 4212 διὰ

179 4248 284 4301 τοῦ
324 4249 567 4318 μέλανος,
596 4247 627 4299 ὃ
648 4248 874 4314 λέγεται
908 4247 1238 4316 λημνίσκος,
1270 4246 1358 4299 διὰ
1397 4246 1493 4315 μὲν
1533 4246 1630 4315 τῆς
1671 4263 1757 4299 κε-

186 4339 350 4404 ραίας
371 4341 468 4408 τῆς
498 4340 679 4409 μέσης
705 4336 963 4406 σημαίνει
989 4337 1082 4389 τὸν
1106 4337 1309 4405 στίχον,
1341 4336 1426 4388 διὰ
1448 4336 1501 4389 δὲ
1533 4336 1637 4389 τῶν
1665 4337 1754 4389 δύο

1865 3444 2021 3500 sunt;
2069 3436 2141 3489 ita
2183 3436 2497 3490 lemniscum
2545 3437 2839 3492 adhibitum
2866 3437 3049 3500 fuisse,
3108 3439 3197 3492 ubi
3245 3438 3383 3492 LXX

1865 3527 2175 3595 interpretes
2206 3527 2482 3581 lectionem
2504 3527 2717 3596 quidem
2763 3528 3073 3584 Hebraicam
3121 3531 3385 3598 exprime-

1863 3617 2018 3681 bant;
2049 3617 2138 3671 sed
2188 3632 2292 3670 non
2327 3617 2399 3670 ita
2446 3626 2691 3672 accurate
2727 3629 2886 3688 atque
2923 3619 3170 3673 distincte
3201 3638 3214 3673 :
3265 3635 3385 3688 quae

1862 3720 2021 3759 causa
2052 3714 2164 3759 erat
2196 3706 2360 3759 utilla
2382 3707 2435 3759 in
2460 3715 2600 3760 textu
2631 3708 2832 3769 relicta,
2863 3709 3026 3764 altera
3052 3724 3170 3778 quae
3195 3708 3383 3762 melior

1858 3792 2155 3857 videbatur,
2187 3808 2250 3846 ex
2282 3793 2401 3847 aliis
2420 3795 2796 3862 interpretibus
2836 3797 2999 3863 petita
3020 3837 3034 3861 ,
3080 3797 3205 3851 huic
3248 3797 3380 3851 sub.

1855 3882 2181 3951 jungeretur.
2209 3881 2389 3950 Neque
2411 3882 2549 3935 enim
2579 3884 2870 3951 putandum
2921 3894 3034 3949 est,
3076 3885 3377 3954 Origeuem,

1857 3972 2029 4025 virum
2063 3972 2347 4025 admodum
2376 3981 2702 4035 accuratum,
2727 3973 2818 4040 qui
2842 3981 2947 4026 tam
2983 3974 3261 4042 diligenter
3294 3975 3377 4027 vel

1855 4060 2120 4115 levissima
2142 4075 2257 4128 qua:
2274 4060 2597 4114 addebantur
2617 4061 2889 4126 asterisco,
2905 4070 2959 4114 et
2985 4077 3103 4129 qua:
3118 4063 3375 4116 demenda

1855 4159 2007 4205 erant
2038 4151 2191 4205 obelo
2219 4151 2453 4213 notabat,
2493 4151 2691 4204 nullam
2737 4149 3046 4219 apposuisse
3079 4161 3260 4206 notam
3308 4153 3375 4205 iis

1855 4240 1909 4293 in
1941 4240 2074 4293 locis
2098 4279 2113 4303 ,
2153 4254 2281 4293 sane
2306 4239 2706 4308 frequentibus,
2740 4240 2830 4294 ubi
2868 4240 3051 4295 relicta
3099 4241 3261 4310 priori
3299 4240 3375 4295 ιε.

1854 4329 2029 4383 ctione
2052 4344 2239 4382 n0vam
2278 4337 2453 4383 tamen
2480 4329 2705 4383 addebat
2731 4344 2795 4383 ex
2825 4330 3005 4398 aliquo
3026 4329 3372 4399 interpretum

190 4427 453 4496 στιγμῶν,
473 4429 574 4497 τῆς
612 4425 917 4486 ὲπάνωθεν,
953 4424 1049 4475 καὶ
1085 4423 1185 4491 τῆς
1214 4424 1498 4485 ὑποκάτω,
1530 4423 1627 4487 τὰς
1663 4423 1753 4477 δύο

1865 4417 2206 4486 iesumptam.
2242 4416 2494 4487 Exempla
2523 4434 2648 4473 vero
2680 4435 2797 4487 qua:
2828 4419 3154 4489 Epiphanius
3199 4418 3368 4486 aﬁ‘ert,

193 4510 356 4584 ξυστὰς
381 4518 485 4569 τῶν
517 4515 872 4587 ἑρμηνευτῶν
892 4514 1133 4583 ᾐνίξατο.
1160 4511 1216 4564 Id
1238 4522 1355 4566 est:
1401 4512 1550 4565 Hune
1590 4514 1749 4566 versi-

1865 4506 2136 4559 idmodum
2160 4507 2406 4575 perplexa
2436 4516 2580 4572 sunt,
2616 4509 2685 4562 ita
2734 4517 2791 4563 ut
2816 4509 2904 4561 vix
2937 4508 3060 4561 inde
3097 4508 3370 4577 quidpiam

191 4604 361 4658 calam
374 4608 477 4658 duo
490 4608 646 4673 paria
659 4619 766 4658 Lxx
777 4618 814 4655 ιι
831 4606 1181 4667 interpretum
1202 4611 1576 4668 expresserunt,
1593 4617 1751 4671 quare

184 4698 477 4763 αρροεὶιιιηι
522 4706 601 4751 est
627 4700 843 4764 signum
891 4702 1194 4748 atramento
1252 4690 1583 4756 delineatum,
1614 4692 1749 4760 quod

178 4782 381 4840 dicitur
401 4787 705 4839 lenmiscus.
736 4784 845 4837 Per
875 4782 1107 4835 mediam
1139 4779 1347 4848 quidem
1383 4779 1566 4832 lineam
1589 4782 1750 4850 signi-

175 4871 312 4933 ﬁcat
350 4873 665 4928 versiculum
699 4889 718 4927 :
752 4887 848 4940 per
887 4871 997 4922 duo
1040 4876 1216 4920 autem
1259 4875 1479 4934 puncta,
1527 4869 1748 4921 alterum

174 4972 344 5029 tam
360 4974 408 5016 et
432 4963 661 5016 alterum
684 4960 854 5028 infra,
883 4958 996 5009 duo
1023 4957 1366 5021 interpretum
1397 4955 1544 5019 paria
1572 4956 1747 5009 subin-

176 5050 390 5106 diuuit.
418 5050 495 5104 Ex
521 5049 836 5119 Epiphanio
860 5048 1056 5112 itaque
1080 5052 1137 5095 et
1172 5057 1240 5095 ex
1288 5039 1545 5110 Hesychia
1586 5044 1746 5098 disci-

180 5150 330 5203 mus,
351 5142 665 5196 lemniscum
689 5146 1030 5205 usurpatum
1055 5131 1246 5193 fuisse,
1271 5130 1474 5196 quando
1503 5133 1743 5200 ejusdem

182 5226 337 5279 Vocis
364 5236 449 5280 aut
476 5227 582 5281 loci
602 5226 727 5278 duae
756 5219 1173 5277 translationes
1208 5216 1634 5281 apponebantur,
1687 5230 1745 5274 ut

184 5324 259 5364 ει
289 5313 366 5368 illa
406 5324 526 5370 nota
572 5313 1074 5380 distinguczentur
1106 5321 1120 5355 :
1148 5300 1288 5368 quod
1325 5311 1490 5356 autem
1523 5306 1590 5359 de
1645 5309 1742 5361 tri-

186 5402 322 5468 εῖηιε
348 5419 433 5458 εει
459 5406 827 5471 interpretum
855 5394 1100 5464 paribus
1126 5398 1175 5441 et
1202 5388 1265 5440 de
1295 5389 1501 5445 totidem
1533 5396 1742 5452 cellulis

180 5488 429 5559 adjicitur,
452 5493 524 5547 ab
548 5491 907 5557 Hieronymo
934 5490 997 5533 et
1022 5492 1055 5530 a
1088 5474 1218 5527 viris
1250 5475 1408 5532 doctis
1456 5494 1592 5547 pene
1614 5500 1739 5538 om-

154 5574 315 5638 ‘ibus
331 5583 640 5652 exploditur
669 5573 850 5631 veluti
886 5570 1290 5622 commentum.

234 5676 293 5730 Ad
339 5677 470 5739 hac,
528 5670 763 5725 videtur
823 5652 1394 5749 Epiphaniusseeum
1440 5672 1734 5727 pugnare:

188 5767 266 5815 “nl
312 5766 354 5820 si
386 5762 617 5831 triginta
653 5767 759 5808 sex
824 5746 930 5797 illa
952 5830 965 5831 ί
980 5745 1147 5831 paria
1193 5745 1522 5808 interpretum
1547 5785 1563 5810 ,
1626 5752 1736 5819 qui

1849 4596 2109 4663 expiscari
2134 4597 2330 4651 valeas.
2357 4595 2551 4663 Quare,
2575 4598 2641 4652 iis
2667 4598 3058 4667 praetermissis,
3081 4598 3223 4651 aliud
3248 4597 3371 4650 alle-

1848 4698 1965 4735 ram
2002 4683 2139 4736 unde
2188 4683 2364 4751 possis
2420 4684 2795 4739 lemniscorum
2848 4700 3027 4746 usum,
3074 4684 3365 4738 secundum

1847 4786 2018 4823 meam
2046 4770 2258 4840 quidem
2289 4773 2624 4833 sententiam,
2642 4776 2932 4841 percipere.
2954 4772 3149 4826 Psalm.
3181 4787 3364 4834 xxvnl,

1847 4860 1897 4924 ι,
1921 4860 1972 4912 in
2010 4859 2227 4914 trem-aco
2255 4861 2443 4930 legitur
2472 4846 2610 4923 avsa
2640 4871 2723 4920 un
2758 4846 2905 4920 ηπ.νὸ
2941 4871 3065 4925 un,
3109 4860 3198 4914 ubi
3227 4859 3364 4919 Lxx
3426 4886 3435 4893 ο

1843 4959 2128 5016 verterant,
2164 4952 2445 5019 Ἐνέγκατε
2474 4954 2552 5022 τῷ
2586 4953 2789 5023 Κυρίῳ,
2823 4952 2922 5004 υἱοὶ
2951 4950 3104 5005 Θεοῦ.
3154 4951 3363 5020 Reliqui

1843 5054 1967 5093 vero
1997 5040 2329 5109 interpretes,
2370 5042 2652 5108 Ἐνέγκατε
2684 5040 2759 5109 τῷ
2785 5040 2970 5110 Κυρίῳ
3000 5042 3145 5105 υἱοὺς
3170 5043 3359 5113 κριῶν.

1843 5125 1918 5179 lbi
1957 5127 2209 5196 Origenes
2259 5129 2536 5185 lectionem
2583 5128 2687 5181 τῶν
2740 5129 2791 5179 0’
2819 5129 3051 5198 reliquit,
3085 5132 3358 5199 praemissa

1842 5218 2081 5270 lemnisci
2108 5227 2232 5270 nota
2251 5256 2266 5283 ,
2297 5227 2348 5270 et
2373 5218 2596 5271 aliorum
2640 5218 3124 5283 interpretationem
3167 5219 3361 5287 adjecit

1840 5305 2095 5358 asterisco
2122 5313 2378 5366 notatam,
2417 5306 2516 5357 hoc
2547 5314 2698 5370 pacto
2726 5310 2790 5375 )3:
2829 5308 3109 5377 Ἐνέγκατε
3142 5307 3216 5376 τῷ
3247 5310 3358 5360 Κυ-

1841 5393 1957 5463 ρίῳ,
1981 5394 2082 5444 υίοὶ
2108 5392 2258 5446 Θεοῦ.
2284 5408 2344 5448 +
2382 5394 2658 5459 Ἐνέγκατε
2682 5396 2756 5466 τῷ
2785 5398 2968 5467 Κυρίῳ
2991 5398 3135 5458 υἱοὺς
3148 5396 3353 5467 κριῶνζ

1840 5485 1911 5536 ita
1935 5493 1991 5536 ut
2025 5484 2307 5537 lemniscus
2334 5483 2543 5538 doceret
2571 5500 2686 5538 eam
2720 5501 2836 5541 esse
2866 5485 3004 5538 LXX
3032 5497 3085 5540 et
3116 5484 3350 5535 Theodo-

1840 5573 1998 5626 tionis
2031 5571 2307 5625 lectionem
2344 5588 2357 5623 :
2384 5574 2436 5625 id
2469 5575 2610 5627 enim
2651 5576 2756 5630 duo
2793 5584 2985 5643 puncta
3012 5571 3347 5628 denotabant.

1839 5659 1987 5714 llune
2008 5659 2171 5712 fuisse
2191 5658 2564 5714 lemniscorum
2583 5677 2737 5716 usum
2762 5660 2949 5715 suadet
2981 5671 3136 5726 supra
3161 5654 3354 5706 allatus

1839 5749 2085 5824 llesycliii
2120 5749 2299 5817 locus,
2338 5749 2427 5805 ubi
2456 5764 2585 5805 sane
2623 5765 2743 5821 qua:
2777 5746 3033 5805 lemnisco
3072 5738 3352 5796 notabatur

3009 5832 3047 5891 3
