  <div class='ocr_page' id='page_1' title='image "/cluster/home/n/w/nwhite01/storage/ocr_20150623/15 (Origen, pt. 5)/nyp.33433081862306/047.png"; bbox 0 0 3878 6346; ppageno 0'>
   <div class='ocr_carea' id='block_1_1' title="bbox 624 434 2155 503">
    <p class='ocr_par' dir='ltr' id='par_1_1' title="bbox 624 437 2155 503">
     <span class='ocr_line' id='line_1_1' title="bbox 624 437 2155 503; baseline -0.008 0"><span class='ocrx_word' id='word_1_1' title='bbox 624 452 689 503; x_wconf 74' lang='grc' dir='ltr'><strong>’ῐῖἱ</strong></span> <span class='ocrx_word' id='word_1_2' title='bbox 1944 437 2155 493; x_wconf 65' lang='lat' dir='ltr'><strong>Pii/Eu</strong></span> 
     </span>
    </p>
   </div>
   <div class='ocr_carea' id='block_1_2' title="bbox 910 434 2441 503">
    <p class='ocr_par' dir='ltr' id='par_1_2' title="bbox 1944 434 2441 493">
     <span class='ocr_line' id='line_1_2' title="bbox 1944 434 2441 493; baseline -0.016 1"><span class='ocrx_word' id='word_1_3' title='bbox 1944 434 2441 493; x_wconf 61' lang='lat' dir='ltr'><strong>PRELIMINARiA</strong></span> 
     </span>
    </p>
   </div>
   <div class='ocr_carea' id='block_1_3' title="bbox 620 540 2151 629">
    <p class='ocr_par' dir='ltr' id='par_1_3' title="bbox 620 540 2151 629">
     <span class='ocr_line' id='line_1_3' title="bbox 620 540 2151 629; baseline -0.007 -10"><span class='ocrx_word' id='word_1_4' title='bbox 620 564 877 624; x_wconf 85' lang='lat' dir='ltr'><strong>clausula,</strong></span> <span class='ocrx_word' id='word_1_5' title='bbox 912 562 1001 615; x_wconf 71' lang='grc' dir='ltr'><strong>καὶ</strong></span> <span class='ocrx_word' id='word_1_6' title='bbox 1027 560 1177 628; x_wconf 74' lang='grc' dir='ltr'><strong>ψαλῶ</strong></span> <span class='ocrx_word' id='word_1_7' title='bbox 1199 558 1274 629; x_wconf 78' lang='grc' dir='ltr'>τῷ</span> <span class='ocrx_word' id='word_1_8' title='bbox 1300 558 1517 628; x_wconf 79' lang='grc' dir='ltr'><strong>ὀνόματι</strong></span> <span class='ocrx_word' id='word_1_9' title='bbox 1557 557 1756 629; x_wconf 81' lang='grc' dir='ltr'><strong>Κυρίου</strong></span> <span class='ocrx_word' id='word_1_10' title='bbox 1792 540 1880 611; x_wconf 63' lang='grc' dir='ltr'><strong>ἒᾶῦ</strong></span> <span class='ocrx_word' id='word_1_11' title='bbox 1913 559 2151 627; x_wconf 67' lang='grc' dir='ltr'><strong>ὑψίστου,</strong></span> 
     </span>
    </p>
   </div>
   <div class='ocr_carea' id='block_1_4' title="bbox 2168 540 3699 629">
    <p class='ocr_par' dir='ltr' id='par_1_4' title="bbox 2183 542 3699 615">
     <span class='ocr_line' id='line_1_4' title="bbox 2183 542 3699 615; baseline -0.007 -7"><span class='ocrx_word' id='word_1_12' title='bbox 2183 563 2226 615; x_wconf 82' lang='grc' dir='ltr'><strong>Α</strong></span> <span class='ocrx_word' id='word_1_13' title='bbox 2254 555 2353 608; x_wconf 89' lang='lat' dir='ltr'><strong>sim</strong></span> <span class='ocrx_word' id='word_1_14' title='bbox 2383 550 2695 606; x_wconf 76' lang='lat' dir='ltr'><strong>intermistae</strong></span> <span class='ocrx_word' id='word_1_15' title='bbox 2738 555 3055 605; x_wconf 89' lang='lat' dir='ltr'><strong>occurrunt</strong></span> <span class='ocrx_word' id='word_1_16' title='bbox 3088 565 3105 601; x_wconf 92' lang='lat'><strong>:</strong></span> <span class='ocrx_word' id='word_1_17' title='bbox 3145 543 3255 601; x_wconf 84' lang='lat' dir='ltr'><strong>sed</strong></span> <span class='ocrx_word' id='word_1_18' title='bbox 3310 542 3495 598; x_wconf 89' lang='lat' dir='ltr'><strong>etiam</strong></span> <span class='ocrx_word' id='word_1_19' title='bbox 3556 542 3616 596; x_wconf 92' lang='lat' dir='ltr'><strong>in</strong></span> <span class='ocrx_word' id='word_1_20' title='bbox 3669 558 3699 598; x_wconf 90' lang='lat' dir='ltr'><strong>e</strong></span> 
     </span>
    </p>
   </div>
   <div class='ocr_carea' id='block_1_5' title="bbox 620 647 2148 716">
    <p class='ocr_par' dir='ltr' id='par_1_5' title="bbox 620 647 2148 716">
     <span class='ocr_line' id='line_1_5' title="bbox 620 647 2148 716; baseline -0.008 -8"><span class='ocrx_word' id='word_1_21' title='bbox 620 672 727 709; x_wconf 89' lang='lat' dir='ltr'><strong>non</strong></span> <span class='ocrx_word' id='word_1_22' title='bbox 763 654 1077 707; x_wconf 88' lang='lat' dir='ltr'><strong>verbotenus</strong></span> <span class='ocrx_word' id='word_1_23' title='bbox 1114 649 1284 704; x_wconf 90' lang='lat' dir='ltr'><strong>solum</strong></span> <span class='ocrx_word' id='word_1_24' title='bbox 1311 647 1585 702; x_wconf 78' lang='lat' dir='ltr'><strong>differebat</strong></span> <span class='ocrx_word' id='word_1_25' title='bbox 1612 663 1641 701; x_wconf 89' lang='lat' dir='ltr'><strong>a</strong></span> <span class='ocrx_word' id='word_1_26' title='bbox 1673 648 2009 716; x_wconf 76' lang='lat' dir='ltr'><strong>prmcetlenti,</strong></span> <span class='ocrx_word' id='word_1_27' title='bbox 2037 647 2148 716; x_wconf 74' lang='grc' dir='ltr'><strong>ᾄσω</strong></span> 
     </span>
    </p>
   </div>
   <div class='ocr_carea' id='block_1_6' title="bbox 620 738 2146 814">
    <p class='ocr_par' dir='ltr' id='par_1_6' title="bbox 620 738 2146 814">
     <span class='ocr_line' id='line_1_6' title="bbox 620 738 2146 814; baseline -0.007 -16"><span class='ocrx_word' id='word_1_28' title='bbox 620 744 696 814; x_wconf 72' lang='grc' dir='ltr'><strong>τῷ</strong></span> <span class='ocrx_word' id='word_1_29' title='bbox 717 742 896 813; x_wconf 75' lang='grc' dir='ltr'>Κυρίῳ</span> <span class='ocrx_word' id='word_1_30' title='bbox 917 740 993 809; x_wconf 82' lang='grc' dir='ltr'><strong>τῷ</strong></span> <span class='ocrx_word' id='word_1_31' title='bbox 1019 738 1428 809; x_wconf 76' lang='grc' dir='ltr'><strong>εὐεργετήσαντι</strong></span> <span class='ocrx_word' id='word_1_32' title='bbox 1484 756 1571 808; x_wconf 88' lang='grc' dir='ltr'><strong>με,</strong></span> <span class='ocrx_word' id='word_1_33' title='bbox 1630 739 1720 791; x_wconf 90' lang='lat' dir='ltr'><strong>sed</strong></span> <span class='ocrx_word' id='word_1_34' title='bbox 1753 753 1808 791; x_wconf 92' lang='lat' dir='ltr'><strong>re</strong></span> <span class='ocrx_word' id='word_1_35' title='bbox 1847 746 1900 790; x_wconf 89' lang='lat' dir='ltr'><strong>et</strong></span> <span class='ocrx_word' id='word_1_36' title='bbox 1950 751 2146 798; x_wconf 88' lang='lat' dir='ltr'><strong>sensu;</strong></span> 
     </span>
    </p>
   </div>
   <div class='ocr_carea' id='block_1_7' title="bbox 621 826 2152 901">
    <p class='ocr_par' dir='ltr' id='par_1_7' title="bbox 621 826 2152 901">
     <span class='ocr_line' id='line_1_7' title="bbox 621 826 2152 901; baseline -0.007 -13"><span class='ocrx_word' id='word_1_37' title='bbox 621 842 782 901; x_wconf 84' lang='lat' dir='ltr'><strong>atque</strong></span> <span class='ocrx_word' id='word_1_38' title='bbox 811 834 922 885; x_wconf 67' lang='lat' dir='ltr'><strong>haec</strong></span> <span class='ocrx_word' id='word_1_39' title='bbox 947 829 1157 899; x_wconf 88' lang='lat' dir='ltr'><strong>quidem</strong></span> <span class='ocrx_word' id='word_1_40' title='bbox 1182 844 1246 881; x_wconf 83' lang='lat' dir='ltr'><strong>ex</strong></span> <span class='ocrx_word' id='word_1_41' title='bbox 1276 826 1536 882; x_wconf 81' lang='lat' dir='ltr'><strong>Hebraico</strong></span> <span class='ocrx_word' id='word_1_42' title='bbox 1563 835 1615 881; x_wconf 90' lang='lat' dir='ltr'><strong>et</strong></span> <span class='ocrx_word' id='word_1_43' title='bbox 1645 843 1710 880; x_wconf 81' lang='lat' dir='ltr'><strong>ex</strong></span> <span class='ocrx_word' id='word_1_44' title='bbox 1744 828 1948 881; x_wconf 67' lang='lat' dir='ltr'><strong>caneris</strong></span> <span class='ocrx_word' id='word_1_45' title='bbox 1990 828 2152 878; x_wconf 88' lang='lat' dir='ltr'><strong>inter-</strong></span> 
     </span>
    </p>
   </div>
   <div class='ocr_carea' id='block_1_8' title="bbox 621 914 2149 991">
    <p class='ocr_par' dir='ltr' id='par_1_8' title="bbox 621 914 2149 991">
     <span class='ocr_line' id='line_1_8' title="bbox 621 914 2149 991; baseline -0.005 -16"><span class='ocrx_word' id='word_1_46' title='bbox 621 922 858 991; x_wconf 83' lang='lat' dir='ltr'><strong>pretibus</strong></span> <span class='ocrx_word' id='word_1_47' title='bbox 884 927 1130 988; x_wconf 78' lang='lat' dir='ltr'><strong>excerpta</strong></span> <span class='ocrx_word' id='word_1_48' title='bbox 1158 917 1331 971; x_wconf 77' lang='lat' dir='ltr'><strong>fuerat</strong></span> <span class='ocrx_word' id='word_1_49' title='bbox 1355 957 1370 982; x_wconf 91' lang='lat'><strong>,</strong></span> <span class='ocrx_word' id='word_1_50' title='bbox 1406 917 1570 970; x_wconf 90' lang='lat' dir='ltr'><strong>altera</strong></span> <span class='ocrx_word' id='word_1_51' title='bbox 1615 932 1737 971; x_wconf 87' lang='lat' dir='ltr'><strong>vero</strong></span> <span class='ocrx_word' id='word_1_52' title='bbox 1775 932 1839 969; x_wconf 79' lang='lat' dir='ltr'><strong>ex</strong></span> <span class='ocrx_word' id='word_1_53' title='bbox 1884 914 2022 967; x_wconf 79' lang='lat' dir='ltr'><strong>LXX</strong></span> <span class='ocrx_word' id='word_1_54' title='bbox 2065 931 2149 968; x_wconf 89' lang='lat' dir='ltr'><strong>re-</strong></span> 
     </span>
    </p>
   </div>
   <div class='ocr_carea' id='block_1_9' title="bbox 622 1005 2147 1074">
    <p class='ocr_par' dir='ltr' id='par_1_9' title="bbox 622 1005 2147 1074">
     <span class='ocr_line' id='line_1_9' title="bbox 622 1005 2147 1074; baseline -0.006 -9"><span class='ocrx_word' id='word_1_55' title='bbox 622 1018 908 1066; x_wconf 71' lang='lat' dir='ltr'><strong>manserat.</strong></span> <span class='ocrx_word' id='word_1_56' title='bbox 956 1009 1078 1063; x_wconf 54' lang='lat' dir='ltr'><strong>Haec</strong></span> <span class='ocrx_word' id='word_1_57' title='bbox 1130 1008 1303 1063; x_wconf 91' lang='lat' dir='ltr'><strong>solum</strong></span> <span class='ocrx_word' id='word_1_58' title='bbox 1330 1006 1678 1074; x_wconf 89' lang='lat' dir='ltr'><strong>conjectando</strong></span> <span class='ocrx_word' id='word_1_59' title='bbox 1729 1005 1833 1059; x_wconf 87' lang='lat' dir='ltr'><strong>dici</strong></span> <span class='ocrx_word' id='word_1_60' title='bbox 1873 1012 2098 1073; x_wconf 89' lang='lat' dir='ltr'><strong>possunt</strong></span> <span class='ocrx_word' id='word_1_61' title='bbox 2135 1021 2147 1056; x_wconf 88' lang='lat'><strong>:</strong></span> 
     </span>
    </p>
   </div>
   <div class='ocr_carea' id='block_1_10' title="bbox 620 1092 2151 1166">
    <p class='ocr_par' dir='ltr' id='par_1_10' title="bbox 620 1092 2151 1166">
     <span class='ocr_line' id='line_1_10' title="bbox 620 1092 2151 1166; baseline -0.007 -10"><span class='ocrx_word' id='word_1_62' title='bbox 620 1117 742 1156; x_wconf 90' lang='lat' dir='ltr'><strong>cum</strong></span> <span class='ocrx_word' id='word_1_63' title='bbox 770 1102 909 1155; x_wconf 88' lang='lat' dir='ltr'><strong>enim</strong></span> <span class='ocrx_word' id='word_1_64' title='bbox 933 1100 1076 1154; x_wconf 91' lang='lat' dir='ltr'><strong>nullo</strong></span> <span class='ocrx_word' id='word_1_65' title='bbox 1119 1099 1223 1152; x_wconf 91' lang='lat' dir='ltr'><strong>alio</strong></span> <span class='ocrx_word' id='word_1_66' title='bbox 1256 1112 1415 1166; x_wconf 91' lang='lat' dir='ltr'><strong>quam</strong></span> <span class='ocrx_word' id='word_1_67' title='bbox 1452 1095 1746 1164; x_wconf 83' lang='lat' dir='ltr'><strong>Epiphanio</strong></span> <span class='ocrx_word' id='word_1_68' title='bbox 1780 1094 1916 1147; x_wconf 88' lang='lat' dir='ltr'><strong>duce</strong></span> <span class='ocrx_word' id='word_1_69' title='bbox 1961 1094 2037 1145; x_wconf 92' lang='lat' dir='ltr'><strong>uti</strong></span> <span class='ocrx_word' id='word_1_70' title='bbox 2073 1092 2151 1146; x_wconf 84' lang='lat' dir='ltr'><strong>l‘as</strong></span> 
     </span>
    </p>
   </div>
   <div class='ocr_carea' id='block_1_11' title="bbox 620 1182 2152 1258">
    <p class='ocr_par' dir='ltr' id='par_1_11' title="bbox 620 1182 2152 1258">
     <span class='ocr_line' id='line_1_11' title="bbox 620 1182 2152 1258; baseline -0.008 -12"><span class='ocrx_word' id='word_1_71' title='bbox 620 1195 712 1252; x_wconf 85' lang='lat' dir='ltr'><strong>sit,</strong></span> <span class='ocrx_word' id='word_1_72' title='bbox 745 1190 924 1244; x_wconf 85' lang='lat' dir='ltr'><strong>omnia</strong></span> <span class='ocrx_word' id='word_1_73' title='bbox 951 1198 1093 1242; x_wconf 89' lang='lat' dir='ltr'><strong>certe</strong></span> <span class='ocrx_word' id='word_1_74' title='bbox 1116 1186 1338 1241; x_wconf 83' lang='lat' dir='ltr'><strong>salebris</strong></span> <span class='ocrx_word' id='word_1_75' title='bbox 1364 1185 1517 1254; x_wconf 88' lang='lat' dir='ltr'><strong>plena</strong></span> <span class='ocrx_word' id='word_1_76' title='bbox 1532 1192 1678 1238; x_wconf 87' lang='lat' dir='ltr'><strong>sunt.</strong></span> <span class='ocrx_word' id='word_1_77' title='bbox 1713 1182 2152 1258; x_wconf 73' lang='lat' dir='ltr'><strong>Hypolemniscus</strong></span> 
     </span>
    </p>
   </div>
   <div class='ocr_carea' id='block_1_12' title="bbox 621 1272 2155 1346">
    <p class='ocr_par' dir='ltr' id='par_1_12' title="bbox 621 1272 2155 1346">
     <span class='ocr_line' id='line_1_12' title="bbox 621 1272 2155 1346; baseline -0.007 -13"><span class='ocrx_word' id='word_1_78' title='bbox 621 1295 767 1342; x_wconf 87' lang='lat' dir='ltr'><strong>vero,</strong></span> <span class='ocrx_word' id='word_1_79' title='bbox 791 1278 944 1346; x_wconf 87' lang='lat' dir='ltr'><strong>cujus</strong></span> <span class='ocrx_word' id='word_1_80' title='bbox 979 1278 1089 1329; x_wconf 77' lang='lat' dir='ltr'><strong>lucc</strong></span> <span class='ocrx_word' id='word_1_81' title='bbox 1125 1275 1293 1344; x_wconf 82' lang='lat' dir='ltr'><strong>ﬁgura</strong></span> <span class='ocrx_word' id='word_1_82' title='bbox 1325 1285 1438 1328; x_wconf 90' lang='lat' dir='ltr'><strong>erat</strong></span> <span class='ocrx_word' id='word_1_83' title='bbox 1470 1300 1533 1327; x_wconf 70' lang='grc' dir='ltr'><strong>-ε-</strong></span> <span class='ocrx_word' id='word_1_84' title='bbox 1572 1272 1923 1341; x_wconf 80' lang='lat' dir='ltr'><strong>signiﬁcabat,</strong></span> <span class='ocrx_word' id='word_1_85' title='bbox 1965 1285 2155 1324; x_wconf 86' lang='lat' dir='ltr'><strong>secun-</strong></span> 
     </span>
    </p>
   </div>
   <div class='ocr_carea' id='block_1_13' title="bbox 623 1359 2153 1436">
    <p class='ocr_par' dir='ltr' id='par_1_13' title="bbox 623 1359 2153 1436">
     <span class='ocr_line' id='line_1_13' title="bbox 623 1359 2153 1436; baseline -0.007 -15"><span class='ocrx_word' id='word_1_86' title='bbox 623 1371 748 1423; x_wconf 86' lang='lat' dir='ltr'><strong>dum</strong></span> <span class='ocrx_word' id='word_1_87' title='bbox 780 1367 1153 1436; x_wconf 80' lang='lat' dir='ltr'><strong>Epiphaniam,</strong></span> <span class='ocrx_word' id='word_1_88' title='bbox 1186 1379 1250 1417; x_wconf 80' lang='lat' dir='ltr'><strong>ex</strong></span> <span class='ocrx_word' id='word_1_89' title='bbox 1274 1377 1380 1416; x_wconf 91' lang='lat' dir='ltr'><strong>uno</strong></span> <span class='ocrx_word' id='word_1_90' title='bbox 1416 1369 1617 1415; x_wconf 87' lang='lat' dir='ltr'><strong>tantum</strong></span> <span class='ocrx_word' id='word_1_91' title='bbox 1648 1362 1994 1428; x_wconf 90' lang='lat' dir='ltr'><strong>interpretum</strong></span> <span class='ocrx_word' id='word_1_92' title='bbox 2040 1359 2153 1427; x_wconf 82' lang='lat' dir='ltr'><strong>pari</strong></span> 
     </span>
    </p>
   </div>
   <div class='ocr_carea' id='block_1_14' title="bbox 611 1451 2156 1525">
    <p class='ocr_par' dir='ltr' id='par_1_14' title="bbox 611 1451 2156 1525">
     <span class='ocr_line' id='line_1_14' title="bbox 611 1451 2156 1525; baseline -0.008 -13"><span class='ocrx_word' id='word_1_93' title='bbox 611 1460 902 1513; x_wconf 85' lang='lat' dir='ltr'><strong>‘lectionem</strong></span> <span class='ocrx_word' id='word_1_94' title='bbox 956 1456 1251 1525; x_wconf 89' lang='lat' dir='ltr'><strong>appositam</strong></span> <span class='ocrx_word' id='word_1_95' title='bbox 1300 1468 1579 1515; x_wconf 87' lang='lat' dir='ltr'><strong>emanare,</strong></span> <span class='ocrx_word' id='word_1_96' title='bbox 1623 1466 1848 1518; x_wconf 88' lang='lat' dir='ltr'><strong>esseque</strong></span> <span class='ocrx_word' id='word_1_97' title='bbox 1891 1451 2156 1519; x_wconf 66' lang='lat' dir='ltr'><strong>adjuncta:</strong></span> 
     </span>
    </p>
   </div>
   <div class='ocr_carea' id='block_1_15' title="bbox 612 1536 2155 1613">
    <p class='ocr_par' dir='ltr' id='par_1_15' title="bbox 612 1536 2155 1613">
     <span class='ocr_line' id='line_1_15' title="bbox 612 1536 2155 1613; baseline -0.006 -14"><span class='ocrx_word' id='word_1_98' title='bbox 612 1544 837 1599; x_wconf 87' lang='lat' dir='ltr'><strong>&#39;lectioui</strong></span> <span class='ocrx_word' id='word_1_99' title='bbox 855 1542 1247 1613; x_wconf 68' lang='grc' dir='ltr'><strong>συναμφότερυν</strong></span> <span class='ocrx_word' id='word_1_100' title='bbox 1271 1542 1360 1593; x_wconf 76' lang='grc' dir='ltr'><strong>καὶ</strong></span> <span class='ocrx_word' id='word_1_101' title='bbox 1380 1539 1714 1606; x_wconf 83' lang='grc' dir='ltr'><strong>συνὰδελφον,</strong></span> <span class='ocrx_word' id='word_1_102' title='bbox 1735 1538 1785 1590; x_wconf 92' lang='lat' dir='ltr'><strong>id</strong></span> <span class='ocrx_word' id='word_1_103' title='bbox 1811 1545 1910 1599; x_wconf 90' lang='lat' dir='ltr'><strong>est,</strong></span> <span class='ocrx_word' id='word_1_104' title='bbox 1938 1536 2155 1589; x_wconf 88' lang='lat' dir='ltr'><strong>omnino</strong></span> 
     </span>
    </p>
   </div>
   <div class='ocr_carea' id='block_1_16' title="bbox 626 1626 2156 1706">
    <p class='ocr_par' dir='ltr' id='par_1_16' title="bbox 626 1626 2156 1706">
     <span class='ocr_line' id='line_1_16' title="bbox 626 1626 2156 1706; baseline -0.007 -17"><span class='ocrx_word' id='word_1_105' title='bbox 626 1650 1015 1706; x_wconf 77' lang='lat' dir='ltr'><strong>synonymam;</strong></span> <span class='ocrx_word' id='word_1_106' title='bbox 1048 1633 1127 1686; x_wconf 90' lang='lat' dir='ltr'><strong>sic</strong></span> <span class='ocrx_word' id='word_1_107' title='bbox 1153 1631 1502 1700; x_wconf 85' lang='lat' dir='ltr'><strong>Epiphanius.</strong></span> <span class='ocrx_word' id='word_1_108' title='bbox 1535 1628 1639 1682; x_wconf 87' lang='lat' dir='ltr'><strong>Sed</strong></span> <span class='ocrx_word' id='word_1_109' title='bbox 1672 1628 1815 1696; x_wconf 89' lang='lat' dir='ltr'><strong>quod</strong></span> <span class='ocrx_word' id='word_1_110' title='bbox 1846 1627 1910 1681; x_wconf 89' lang='lat' dir='ltr'><strong>de</strong></span> <span class='ocrx_word' id='word_1_111' title='bbox 1942 1626 2156 1694; x_wconf 83' lang='lat' dir='ltr'><strong>triginta</strong></span> 
     </span>
    </p>
   </div>
   <div class='ocr_carea' id='block_1_17' title="bbox 620 1717 2154 1794">
    <p class='ocr_par' dir='ltr' id='par_1_17' title="bbox 620 1717 2154 1794">
     <span class='ocr_line' id='line_1_17' title="bbox 620 1717 2154 1794; baseline -0.008 -12"><span class='ocrx_word' id='word_1_112' title='bbox 620 1742 719 1782; x_wconf 76' lang='lat' dir='ltr'><strong>sex</strong></span> <span class='ocrx_word' id='word_1_113' title='bbox 745 1729 1087 1794; x_wconf 81' lang='lat' dir='ltr'><strong>interpretum</strong></span> <span class='ocrx_word' id='word_1_114' title='bbox 1117 1723 1336 1792; x_wconf 84' lang='lat' dir='ltr'><strong>paribus</strong></span> <span class='ocrx_word' id='word_1_115' title='bbox 1365 1728 1420 1774; x_wconf 89' lang='lat' dir='ltr'><strong>et</strong></span> <span class='ocrx_word' id='word_1_116' title='bbox 1452 1719 1517 1774; x_wconf 92' lang='lat' dir='ltr'><strong>de</strong></span> <span class='ocrx_word' id='word_1_117' title='bbox 1545 1719 1762 1773; x_wconf 88' lang='lat' dir='ltr'><strong>totidem</strong></span> <span class='ocrx_word' id='word_1_118' title='bbox 1789 1717 1995 1771; x_wconf 88' lang='lat' dir='ltr'><strong>cellulis</strong></span> <span class='ocrx_word' id='word_1_119' title='bbox 2027 1731 2154 1769; x_wconf 90' lang='lat' dir='ltr'><strong>nar-</strong></span> 
     </span>
    </p>
   </div>
   <div class='ocr_carea' id='block_1_18' title="bbox 619 1808 2155 1884">
    <p class='ocr_par' dir='ltr' id='par_1_18' title="bbox 619 1808 2155 1884">
     <span class='ocr_line' id='line_1_18' title="bbox 619 1808 2155 1884; baseline -0.009 -12"><span class='ocrx_word' id='word_1_120' title='bbox 619 1828 794 1880; x_wconf 81' lang='lat' dir='ltr'><strong>ratur,</strong></span> <span class='ocrx_word' id='word_1_121' title='bbox 822 1817 933 1884; x_wconf 84' lang='lat' dir='ltr'><strong>jam</strong></span> <span class='ocrx_word' id='word_1_122' title='bbox 958 1817 1256 1884; x_wconf 86' lang='lat' dir='ltr'><strong>ablegatum</strong></span> <span class='ocrx_word' id='word_1_123' title='bbox 1286 1820 1368 1866; x_wconf 89' lang='lat' dir='ltr'><strong>est</strong></span> <span class='ocrx_word' id='word_1_124' title='bbox 1399 1826 1415 1872; x_wconf 86' lang='lat'><strong>;</strong></span> <span class='ocrx_word' id='word_1_125' title='bbox 1453 1825 1619 1878; x_wconf 88' lang='lat' dir='ltr'><strong>quare</strong></span> <span class='ocrx_word' id='word_1_126' title='bbox 1661 1808 1836 1877; x_wconf 86' lang='lat' dir='ltr'><strong>potius</strong></span> <span class='ocrx_word' id='word_1_127' title='bbox 1887 1808 2155 1860; x_wconf 88' lang='lat' dir='ltr'><strong>crederem</strong></span> 
     </span>
    </p>
   </div>
   <div class='ocr_carea' id='block_1_19' title="bbox 2248 635 3696 711">
    <p class='ocr_par' dir='ltr' id='par_1_19' title="bbox 2248 635 3696 711">
     <span class='ocr_line' id='line_1_19' title="bbox 2248 635 3696 711; baseline -0.006 -15"><span class='ocrx_word' id='word_1_128' title='bbox 2248 644 2485 696; x_wconf 86' lang='lat' dir='ltr'><strong>Romana</strong></span> <span class='ocrx_word' id='word_1_129' title='bbox 2512 659 2616 697; x_wconf 89' lang='lat' dir='ltr'><strong>non</strong></span> <span class='ocrx_word' id='word_1_130' title='bbox 2642 657 2825 711; x_wconf 68' lang='lat' dir='ltr'><strong>pauca:</strong></span> <span class='ocrx_word' id='word_1_131' title='bbox 2852 635 3408 708; x_wconf 86' lang='lat' dir='ltr'><strong>deprehenduntur</strong></span> <span class='ocrx_word' id='word_1_132' title='bbox 3447 635 3696 689; x_wconf 84' lang='lat' dir='ltr'><strong>lectione</strong></span> 
     </span>
    </p>
   </div>
   <div class='ocr_carea' id='block_1_20' title="bbox 2248 728 3700 802">
    <p class='ocr_par' dir='ltr' id='par_1_20' title="bbox 2248 728 3700 802">
     <span class='ocr_line' id='line_1_20' title="bbox 2248 728 3700 802; baseline -0.005 -15"><span class='ocrx_word' id='word_1_133' title='bbox 2248 735 2314 787; x_wconf 88' lang='lat' dir='ltr'><strong>ab</strong></span> <span class='ocrx_word' id='word_1_134' title='bbox 2340 734 2611 802; x_wconf 78' lang='lat' dir='ltr'><strong>hexaplari</strong></span> <span class='ocrx_word' id='word_1_135' title='bbox 2643 734 2728 786; x_wconf 92' lang='lat' dir='ltr'><strong>illa</strong></span> <span class='ocrx_word' id='word_1_136' title='bbox 2749 733 2997 786; x_wconf 88' lang='lat' dir='ltr'><strong>editione</strong></span> <span class='ocrx_word' id='word_1_137' title='bbox 3030 735 3393 790; x_wconf 84' lang='lat' dir='ltr'><strong>manarunt,</strong></span> <span class='ocrx_word' id='word_1_138' title='bbox 3432 738 3498 780; x_wconf 86' lang='lat' dir='ltr'><strong>ut</strong></span> <span class='ocrx_word' id='word_1_139' title='bbox 3542 728 3700 781; x_wconf 81' lang='lat' dir='ltr'><strong>verbi</strong></span> 
     </span>
    </p>
   </div>
   <div class='ocr_carea' id='block_1_21' title="bbox 2247 817 3699 887">
    <p class='ocr_par' dir='ltr' id='par_1_21' title="bbox 2247 817 3699 887">
     <span class='ocr_line' id='line_1_21' title="bbox 2247 817 3699 887; baseline -0.003 -11"><span class='ocrx_word' id='word_1_140' title='bbox 2247 823 2347 877; x_wconf 84' lang='lat' dir='ltr'><strong>Job</strong></span> <span class='ocrx_word' id='word_1_141' title='bbox 2381 839 2454 886; x_wconf 80' lang='lat' dir='ltr'><strong>Ix,</strong></span> <span class='ocrx_word' id='word_1_142' title='bbox 2490 824 2541 887; x_wconf 87' lang='grc'><strong>’5,</strong></span> <span class='ocrx_word' id='word_1_143' title='bbox 2574 823 2625 875; x_wconf 93' lang='lat' dir='ltr'><strong>in</strong></span> <span class='ocrx_word' id='word_1_144' title='bbox 2654 824 2765 875; x_wconf 77' lang='lat' dir='ltr'><strong>haec</strong></span> <span class='ocrx_word' id='word_1_145' title='bbox 2792 822 2964 874; x_wconf 86' lang='lat' dir='ltr'><strong>verba</strong></span> <span class='ocrx_word' id='word_1_146' title='bbox 3000 827 3159 882; x_wconf 63' lang='grc' dir='ltr'><strong>τίπτ’</strong></span> <span class='ocrx_word' id='word_1_147' title='bbox 3202 817 3612 887; x_wconf 86' lang='lat' dir='ltr'><strong>Symmachus</strong></span> <span class='ocrx_word' id='word_1_148' title='bbox 3644 828 3699 871; x_wconf 92' lang='lat' dir='ltr'><strong>et</strong></span> 
     </span>
    </p>
   </div>
   <div class='ocr_carea' id='block_1_22' title="bbox 2248 907 3697 982">
    <p class='ocr_par' dir='ltr' id='par_1_22' title="bbox 2248 907 3697 982">
     <span class='ocr_line' id='line_1_22' title="bbox 2248 907 3697 982; baseline -0.003 -16"><span class='ocrx_word' id='word_1_149' title='bbox 2248 912 2425 978; x_wconf 80' lang='lat' dir='ltr'><strong>datio,</strong></span> <span class='ocrx_word' id='word_1_150' title='bbox 2454 913 2512 965; x_wconf 82' lang='grc' dir='ltr'>οὐ</span> <span class='ocrx_word' id='word_1_151' title='bbox 2542 911 2614 982; x_wconf 80' lang='grc' dir='ltr'><strong>μὴ</strong></span> <span class='ocrx_word' id='word_1_152' title='bbox 2643 911 2923 980; x_wconf 82' lang='grc' dir='ltr'>ὑπακούσῃ</span> <span class='ocrx_word' id='word_1_153' title='bbox 2964 908 3136 978; x_wconf 76' lang='grc' dir='ltr'><strong>αὐτῷ</strong></span> <span class='ocrx_word' id='word_1_154' title='bbox 3160 947 3176 969; x_wconf 84' lang='grc'><em>,</em></span> <span class='ocrx_word' id='word_1_155' title='bbox 3209 923 3348 976; x_wconf 64' lang='lat' dir='ltr'><strong>qua}</strong></span> <span class='ocrx_word' id='word_1_156' title='bbox 3372 907 3547 961; x_wconf 89' lang='lat' dir='ltr'><strong>lectio</strong></span> <span class='ocrx_word' id='word_1_157' title='bbox 3575 908 3630 961; x_wconf 91' lang='lat' dir='ltr'><strong>in</strong></span> <span class='ocrx_word' id='word_1_158' title='bbox 3665 924 3697 961; x_wconf 89' lang='lat' dir='ltr'><strong>c</strong></span> 
     </span>
    </p>
   </div>
   <div class='ocr_carea' id='block_1_23' title="bbox 2250 996 3685 1071">
    <p class='ocr_par' dir='ltr' id='par_1_23' title="bbox 2250 996 3685 1071">
     <span class='ocr_line' id='line_1_23' title="bbox 2250 996 3685 1071; baseline -0.006 -15"><span class='ocrx_word' id='word_1_159' title='bbox 2250 1003 2521 1071; x_wconf 81' lang='lat' dir='ltr'><strong>hexaplari</strong></span> <span class='ocrx_word' id='word_1_160' title='bbox 2575 1002 2741 1069; x_wconf 87' lang='lat' dir='ltr'><strong>posita</strong></span> <span class='ocrx_word' id='word_1_161' title='bbox 2775 1000 2980 1062; x_wconf 77' lang='lat' dir='ltr'><strong>fuerat,</strong></span> <span class='ocrx_word' id='word_1_162' title='bbox 3013 1002 3161 1066; x_wconf 86' lang='lat' dir='ltr'><strong>quia</strong></span> <span class='ocrx_word' id='word_1_163' title='bbox 3208 997 3415 1065; x_wconf 85' lang='lat' dir='ltr'><strong>prisca</strong></span> <span class='ocrx_word' id='word_1_164' title='bbox 3474 996 3592 1047; x_wconf 82' lang='grc' dir='ltr'><strong>τῶν</strong></span> <span class='ocrx_word' id='word_1_165' title='bbox 3629 998 3685 1048; x_wconf 81' lang='lat'><strong>0&#39;</strong></span> 
     </span>
    </p>
   </div>
   <div class='ocr_carea' id='block_1_24' title="bbox 2250 1074 3693 1160">
    <p class='ocr_par' dir='ltr' id='par_1_24' title="bbox 2250 1074 3693 1160">
     <span class='ocr_line' id='line_1_24' title="bbox 2250 1074 3693 1160; baseline -0.006 -15"><span class='ocrx_word' id='word_1_166' title='bbox 2250 1093 2496 1160; x_wconf 86' lang='lat' dir='ltr'><strong>pretatio,</strong></span> <span class='ocrx_word' id='word_1_167' title='bbox 2551 1091 2635 1142; x_wconf 80' lang='grc' dir='ltr'>ἵνα</span> <span class='ocrx_word' id='word_1_168' title='bbox 2671 1089 2742 1159; x_wconf 84' lang='grc' dir='ltr'><strong>μὴ</strong></span> <span class='ocrx_word' id='word_1_169' title='bbox 2772 1088 3039 1158; x_wconf 77' lang='grc' dir='ltr'><strong>ἀντείπῃ,</strong></span> <span class='ocrx_word' id='word_1_170' title='bbox 3082 1074 3207 1140; x_wconf 64' lang='grc' dir='ltr'><strong>ηοῖι</strong></span> <span class='ocrx_word' id='word_1_171' title='bbox 3262 1085 3415 1139; x_wconf 85' lang='lat' dir='ltr'><strong>satis</strong></span> <span class='ocrx_word' id='word_1_172' title='bbox 3473 1099 3693 1139; x_wconf 87' lang='lat' dir='ltr'><strong>conven</strong></span> 
     </span>
    </p>
   </div>
   <div class='ocr_carea' id='block_1_25' title="bbox 2254 1176 3699 1250">
    <p class='ocr_par' dir='ltr' id='par_1_25' title="bbox 2254 1176 3699 1250">
     <span class='ocr_line' id='line_1_25' title="bbox 2254 1176 3699 1250; baseline -0.005 -15"><span class='ocrx_word' id='word_1_173' title='bbox 2254 1191 2478 1250; x_wconf 89' lang='lat' dir='ltr'><strong>utraque</strong></span> <span class='ocrx_word' id='word_1_174' title='bbox 2509 1190 2682 1234; x_wconf 89' lang='lat' dir='ltr'><strong>tamen</strong></span> <span class='ocrx_word' id='word_1_175' title='bbox 2706 1180 2880 1233; x_wconf 88' lang='lat' dir='ltr'><strong>versio</strong></span> <span class='ocrx_word' id='word_1_176' title='bbox 2907 1179 2968 1230; x_wconf 85' lang='lat' dir='ltr'><strong>in</strong></span> <span class='ocrx_word' id='word_1_177' title='bbox 3006 1186 3179 1231; x_wconf 76' lang='lat' dir='ltr'><strong>textu</strong></span> <span class='ocrx_word' id='word_1_178' title='bbox 3208 1176 3423 1229; x_wconf 85' lang='lat' dir='ltr'><strong>relicta</strong></span> <span class='ocrx_word' id='word_1_179' title='bbox 3445 1184 3557 1240; x_wconf 84' lang='lat' dir='ltr'><strong>cst,</strong></span> <span class='ocrx_word' id='word_1_180' title='bbox 3597 1177 3673 1229; x_wconf 91' lang='lat' dir='ltr'><strong>ita</strong></span> <span class='ocrx_word' id='word_1_181' title='bbox 3698 1194 3699 1199; x_wconf 46' lang='grc' dir='ltr'><strong>η</strong></span> 
     </span>
    </p>
   </div>
   <div class='ocr_carea' id='block_1_26' title="bbox 2252 1266 3688 1339">
    <p class='ocr_par' dir='ltr' id='par_1_26' title="bbox 2252 1266 3688 1339">
     <span class='ocr_line' id='line_1_26' title="bbox 2252 1266 3688 1339; baseline -0.002 -16"><span class='ocrx_word' id='word_1_182' title='bbox 2252 1270 2471 1339; x_wconf 65' lang='lat' dir='ltr'><strong>praeibat</strong></span> <span class='ocrx_word' id='word_1_183' title='bbox 2495 1268 2799 1339; x_wconf 83' lang='lat' dir='ltr'><strong>Symmachi</strong></span> <span class='ocrx_word' id='word_1_184' title='bbox 2822 1276 2875 1320; x_wconf 82' lang='lat' dir='ltr'><strong>et</strong></span> <span class='ocrx_word' id='word_1_185' title='bbox 2900 1266 3372 1329; x_wconf 87' lang='lat' dir='ltr'><strong>Theodotionis,</strong></span> <span class='ocrx_word' id='word_1_186' title='bbox 3407 1267 3688 1320; x_wconf 79' lang='lat' dir='ltr'><strong>asterisco</strong></span> 
     </span>
    </p>
   </div>
   <div class='ocr_carea' id='block_1_27' title="bbox 2251 1355 3700 1422">
    <p class='ocr_par' dir='ltr' id='par_1_27' title="bbox 2251 1355 3700 1422">
     <span class='ocr_line' id='line_1_27' title="bbox 2251 1355 3700 1422; baseline -0.004 -10"><span class='ocrx_word' id='word_1_187' title='bbox 2251 1368 2415 1422; x_wconf 86' lang='lat' dir='ltr'><strong>retur,</strong></span> <span class='ocrx_word' id='word_1_188' title='bbox 2449 1358 2615 1411; x_wconf 89' lang='lat' dir='ltr'><strong>altera</strong></span> <span class='ocrx_word' id='word_1_189' title='bbox 2646 1371 2771 1408; x_wconf 88' lang='lat' dir='ltr'><strong>vero</strong></span> <span class='ocrx_word' id='word_1_190' title='bbox 2805 1356 3118 1418; x_wconf 84' lang='lat' dir='ltr'><strong>lentuisco,</strong></span> <span class='ocrx_word' id='word_1_191' title='bbox 3166 1364 3233 1406; x_wconf 93' lang='lat' dir='ltr'><strong>ut</strong></span> <span class='ocrx_word' id='word_1_192' title='bbox 3290 1355 3531 1422; x_wconf 86' lang='lat' dir='ltr'><strong>quidem</strong></span> <span class='ocrx_word' id='word_1_193' title='bbox 3587 1356 3700 1406; x_wconf 79' lang='lat' dir='ltr'><strong>exis</strong></span> 
     </span>
    </p>
   </div>
   <div class='ocr_carea' id='block_1_28' title="bbox 2251 1443 3700 1515">
    <p class='ocr_par' dir='ltr' id='par_1_28' title="bbox 2251 1443 3700 1515">
     <span class='ocr_line' id='line_1_28' title="bbox 2251 1443 3700 1515; baseline -0.003 -14"><span class='ocrx_word' id='word_1_194' title='bbox 2251 1448 2440 1501; x_wconf 87' lang='lat' dir='ltr'><strong>deinde</strong></span> <span class='ocrx_word' id='word_1_195' title='bbox 2468 1446 2719 1515; x_wconf 82' lang='lat' dir='ltr'><strong>neglectis</strong></span> <span class='ocrx_word' id='word_1_196' title='bbox 2751 1444 3035 1504; x_wconf 77' lang='lat' dir='ltr'><strong>astericis,</strong></span> <span class='ocrx_word' id='word_1_197' title='bbox 3078 1443 3275 1496; x_wconf 70' lang='lat' dir='ltr'><strong>ambae</strong></span> <span class='ocrx_word' id='word_1_198' title='bbox 3307 1443 3587 1497; x_wconf 89' lang='lat' dir='ltr'><strong>lectiones</strong></span> <span class='ocrx_word' id='word_1_199' title='bbox 3614 1460 3700 1497; x_wconf 77' lang='lat' dir='ltr'><strong>rer</strong></span> 
     </span>
    </p>
   </div>
   <div class='ocr_carea' id='block_1_29' title="bbox 2252 1523 3690 1606">
    <p class='ocr_par' dir='ltr' id='par_1_29' title="bbox 2252 1523 3690 1606">
     <span class='ocr_line' id='line_1_29' title="bbox 2252 1523 3690 1606; baseline -0.006 -15"><span class='ocrx_word' id='word_1_200' title='bbox 2252 1546 2377 1591; x_wconf 83' lang='lat' dir='ltr'><strong>runt</strong></span> <span class='ocrx_word' id='word_1_201' title='bbox 2400 1537 2495 1600; x_wconf 89' lang='lat' dir='ltr'><strong>sic,</strong></span> <span class='ocrx_word' id='word_1_202' title='bbox 2541 1537 2600 1587; x_wconf 84' lang='grc' dir='ltr'><strong>οὺ</strong></span> <span class='ocrx_word' id='word_1_203' title='bbox 2632 1534 2703 1604; x_wconf 85' lang='grc' dir='ltr'>μὴ</span> <span class='ocrx_word' id='word_1_204' title='bbox 2736 1534 3034 1606; x_wconf 73' lang='grc' dir='ltr'>ὑπακούσῃ</span> <span class='ocrx_word' id='word_1_205' title='bbox 3064 1533 3257 1601; x_wconf 78' lang='grc' dir='ltr'>αὐτῷ,</span> <span class='ocrx_word' id='word_1_206' title='bbox 3288 1523 3387 1585; x_wconf 62' lang='grc' dir='ltr'>ἴξια</span> <span class='ocrx_word' id='word_1_207' title='bbox 3421 1535 3500 1603; x_wconf 76' lang='grc' dir='ltr'>μὴ</span> <span class='ocrx_word' id='word_1_208' title='bbox 3539 1534 3690 1586; x_wconf 77' lang='grc' dir='ltr'>ἀντεῖ</span> 
     </span>
    </p>
   </div>
   <div class='ocr_carea' id='block_1_30' title="bbox 2255 1623 3695 1704">
    <p class='ocr_par' dir='ltr' id='par_1_30' title="bbox 2255 1623 3695 1704">
     <span class='ocr_line' id='line_1_30' title="bbox 2255 1623 3695 1704; baseline -0.003 -23"><span class='ocrx_word' id='word_1_209' title='bbox 2255 1627 2444 1695; x_wconf 88' lang='lat' dir='ltr'><strong>psalm.</strong></span> <span class='ocrx_word' id='word_1_210' title='bbox 2475 1640 2604 1688; x_wconf 78' lang='lat' dir='ltr'><strong>xvu,</strong></span> <span class='ocrx_word' id='word_1_211' title='bbox 2641 1625 2729 1684; x_wconf 78' lang='lat'><strong>56,</strong></span> <span class='ocrx_word' id='word_1_212' title='bbox 2774 1626 2884 1677; x_wconf 74' lang='lat' dir='ltr'><strong>haec</strong></span> <span class='ocrx_word' id='word_1_213' title='bbox 2935 1624 3119 1676; x_wconf 89' lang='lat' dir='ltr'><strong>verba</strong></span> <span class='ocrx_word' id='word_1_214' title='bbox 3145 1630 3334 1680; x_wconf 64' lang='lat' dir='ltr'><strong>inn-tn</strong></span> <span class='ocrx_word' id='word_1_215' title='bbox 3375 1632 3582 1704; x_wconf 65' lang='lat'><strong>11115371</strong></span> <span class='ocrx_word' id='word_1_216' title='bbox 3610 1623 3695 1676; x_wconf 81' lang='lat' dir='ltr'><strong>LX</strong></span> 
     </span>
    </p>
   </div>
   <div class='ocr_carea' id='block_1_31' title="bbox 2256 1710 3693 1782">
    <p class='ocr_par' dir='ltr' id='par_1_31' title="bbox 2256 1710 3693 1782">
     <span class='ocr_line' id='line_1_31' title="bbox 2256 1710 3693 1782; baseline -0.001 -14"><span class='ocrx_word' id='word_1_217' title='bbox 2256 1724 2446 1776; x_wconf 89' lang='lat' dir='ltr'><strong>terant,</strong></span> <span class='ocrx_word' id='word_1_218' title='bbox 2473 1714 2614 1782; x_wconf 75' lang='grc' dir='ltr'><strong>καὶὴ</strong></span> <span class='ocrx_word' id='word_1_219' title='bbox 2644 1713 2855 1766; x_wconf 83' lang='grc' dir='ltr'>παιδεία</span> <span class='ocrx_word' id='word_1_220' title='bbox 2879 1729 2981 1763; x_wconf 86' lang='grc' dir='ltr'>σου</span> <span class='ocrx_word' id='word_1_221' title='bbox 3031 1710 3356 1782; x_wconf 78' lang='grc' dir='ltr'><strong>ἀνώρθωσέ</strong></span> <span class='ocrx_word' id='word_1_222' title='bbox 3420 1729 3514 1781; x_wconf 85' lang='grc' dir='ltr'><strong>με,</strong></span> <span class='ocrx_word' id='word_1_223' title='bbox 3578 1713 3693 1766; x_wconf 85' lang='lat' dir='ltr'><strong>The</strong></span> 
     </span>
    </p>
   </div>
   <div class='ocr_carea' id='block_1_32' title="bbox 2255 1801 3683 1872">
    <p class='ocr_par' dir='ltr' id='par_1_32' title="bbox 2255 1801 3683 1872">
     <span class='ocr_line' id='line_1_32' title="bbox 2255 1801 3683 1872; baseline -0.002 -12"><span class='ocrx_word' id='word_1_224' title='bbox 2255 1816 2452 1870; x_wconf 87' lang='lat' dir='ltr'><strong>autem,</strong></span> <span class='ocrx_word' id='word_1_225' title='bbox 2480 1804 2623 1872; x_wconf 75' lang='grc' dir='ltr'>καὶὴ</span> <span class='ocrx_word' id='word_1_226' title='bbox 2649 1802 2857 1855; x_wconf 79' lang='grc' dir='ltr'>παιδεία</span> <span class='ocrx_word' id='word_1_227' title='bbox 2889 1819 2993 1853; x_wconf 89' lang='grc' dir='ltr'><strong>σου</strong></span> <span class='ocrx_word' id='word_1_228' title='bbox 3040 1803 3193 1872; x_wconf 78' lang='grc' dir='ltr'>αὐτή</span> <span class='ocrx_word' id='word_1_229' title='bbox 3245 1819 3320 1871; x_wconf 85' lang='grc' dir='ltr'><strong>με</strong></span> <span class='ocrx_word' id='word_1_230' title='bbox 3367 1801 3614 1869; x_wconf 78' lang='grc' dir='ltr'><strong>διδάξει·</strong></span> <span class='ocrx_word' id='word_1_231' title='bbox 3654 1821 3683 1857; x_wconf 94' lang='lat' dir='ltr'><strong>u</strong></span> 
     </span>
    </p>
   </div>
   <div class='ocr_carea' id='block_1_33' title="bbox 627 1884 3688 1979">
    <p class='ocr_par' dir='ltr' id='par_1_33' title="bbox 627 1884 3688 1979">
     <span class='ocr_line' id='line_1_33' title="bbox 627 1884 3688 1979; baseline -0.006 -16"><span class='ocrx_word' id='word_1_232' title='bbox 627 1908 1081 1979; x_wconf 84' lang='lat' dir='ltr'><strong>ltypolemniscum</strong></span> <span class='ocrx_word' id='word_1_233' title='bbox 1108 1914 1232 1958; x_wconf 90' lang='lat' dir='ltr'><strong>tunc</strong></span> <span class='ocrx_word' id='word_1_234' title='bbox 1260 1901 1560 1972; x_wconf 87' lang='lat' dir='ltr'><strong>appositum</strong></span> <span class='ocrx_word' id='word_1_235' title='bbox 1600 1897 1763 1951; x_wconf 80' lang='lat' dir='ltr'><strong>fuisse</strong></span> <span class='ocrx_word' id='word_1_236' title='bbox 1792 1936 1806 1958; x_wconf 91' lang='lat'><strong>,</strong></span> <span class='ocrx_word' id='word_1_237' title='bbox 1852 1912 1973 1950; x_wconf 91' lang='lat' dir='ltr'><strong>cum</strong></span> <span class='ocrx_word' id='word_1_238' title='bbox 1999 1896 2156 1949; x_wconf 89' lang='lat' dir='ltr'><strong>lectio</strong></span> <span class='ocrx_word' id='word_1_239' title='bbox 2188 1884 2226 1936; x_wconf 82' lang='grc' dir='ltr'><strong><em>Β</em></strong></span> <span class='ocrx_word' id='word_1_240' title='bbox 2255 1904 2431 1948; x_wconf 90' lang='lat' dir='ltr'><strong>autem</strong></span> <span class='ocrx_word' id='word_1_241' title='bbox 2462 1893 2616 1946; x_wconf 87' lang='lat' dir='ltr'><strong>lectio</strong></span> <span class='ocrx_word' id='word_1_242' title='bbox 2651 1892 2702 1944; x_wconf 91' lang='lat' dir='ltr'><strong>in</strong></span> <span class='ocrx_word' id='word_1_243' title='bbox 2729 1892 3017 1959; x_wconf 71' lang='lat' dir='ltr'><strong>hexaplari</strong></span> <span class='ocrx_word' id='word_1_244' title='bbox 3077 1892 3176 1944; x_wconf 89' lang='lat' dir='ltr'><strong>illa</strong></span> <span class='ocrx_word' id='word_1_245' title='bbox 3243 1894 3503 1948; x_wconf 88' lang='lat' dir='ltr'><strong>editione</strong></span> <span class='ocrx_word' id='word_1_246' title='bbox 3570 1897 3688 1962; x_wconf 85' lang='lat' dir='ltr'><strong>posi</strong></span> 
     </span>
    </p>
   </div>
   <div class='ocr_carea' id='block_1_34' title="bbox 626 1987 2155 2062">
    <p class='ocr_par' dir='ltr' id='par_1_34' title="bbox 626 1987 2155 2062">
     <span class='ocr_line' id='line_1_34' title="bbox 626 1987 2155 2062; baseline -0.011 -8"><span class='ocrx_word' id='word_1_247' title='bbox 626 2000 715 2054; x_wconf 89' lang='lat' dir='ltr'><strong>illa</strong></span> <span class='ocrx_word' id='word_1_248' title='bbox 739 2007 917 2053; x_wconf 82' lang='lat' dir='ltr'><strong>notata</strong></span> <span class='ocrx_word' id='word_1_249' title='bbox 961 1995 1097 2049; x_wconf 73' lang='lat' dir='ltr'><strong>LXX</strong></span> <span class='ocrx_word' id='word_1_250' title='bbox 1133 1995 1478 2062; x_wconf 87' lang='lat' dir='ltr'><strong>lnterpretum</strong></span> <span class='ocrx_word' id='word_1_251' title='bbox 1502 1990 1674 2045; x_wconf 88' lang='lat' dir='ltr'><strong>solum</strong></span> <span class='ocrx_word' id='word_1_252' title='bbox 1699 1997 1847 2049; x_wconf 88' lang='lat' dir='ltr'><strong>erat,</strong></span> <span class='ocrx_word' id='word_1_253' title='bbox 1878 1987 2020 2054; x_wconf 88' lang='lat' dir='ltr'><strong>quod</strong></span> <span class='ocrx_word' id='word_1_254' title='bbox 2048 2002 2155 2039; x_wconf 91' lang='lat' dir='ltr'><strong>uno</strong></span> 
     </span>
    </p>
   </div>
   <div class='ocr_carea' id='block_1_35' title="bbox 625 2074 2156 2154">
    <p class='ocr_par' dir='ltr' id='par_1_35' title="bbox 625 2074 2156 2154">
     <span class='ocr_line' id='line_1_35' title="bbox 625 2074 2156 2154; baseline -0.014 -8"><span class='ocrx_word' id='word_1_255' title='bbox 625 2091 815 2146; x_wconf 81' lang='lat' dir='ltr'><strong>subtus</strong></span> <span class='ocrx_word' id='word_1_256' title='bbox 865 2088 1056 2140; x_wconf 90' lang='lat' dir='ltr'><strong>lineam</strong></span> <span class='ocrx_word' id='word_1_257' title='bbox 1091 2087 1265 2154; x_wconf 82' lang='lat' dir='ltr'><strong>posito</strong></span> <span class='ocrx_word' id='word_1_258' title='bbox 1296 2090 1490 2152; x_wconf 87' lang='lat' dir='ltr'><strong>puncto</strong></span> <span class='ocrx_word' id='word_1_259' title='bbox 1542 2077 1917 2140; x_wconf 90' lang='lat' dir='ltr'><strong>indicabatur;</strong></span> <span class='ocrx_word' id='word_1_260' title='bbox 1966 2074 2156 2127; x_wconf 58' lang='lat' dir='ltr'><strong>lemni.</strong></span> 
     </span>
    </p>
   </div>
   <div class='ocr_carea' id='block_1_36' title="bbox 624 2163 2154 2240">
    <p class='ocr_par' dir='ltr' id='par_1_36' title="bbox 624 2163 2154 2240">
     <span class='ocr_line' id='line_1_36' title="bbox 624 2163 2154 2240; baseline -0.017 -1"><span class='ocrx_word' id='word_1_261' title='bbox 624 2197 779 2239; x_wconf 73' lang='lat' dir='ltr'><strong>acum</strong></span> <span class='ocrx_word' id='word_1_262' title='bbox 808 2193 934 2231; x_wconf 85' lang='lat' dir='ltr'><strong>vero</strong></span> <span class='ocrx_word' id='word_1_263' title='bbox 965 2191 1086 2230; x_wconf 91' lang='lat' dir='ltr'><strong>cum</strong></span> <span class='ocrx_word' id='word_1_264' title='bbox 1117 2174 1323 2227; x_wconf 86' lang='lat' dir='ltr'><strong>duobus</strong></span> <span class='ocrx_word' id='word_1_265' title='bbox 1340 2169 1576 2240; x_wconf 88' lang='lat' dir='ltr'><strong>punctis,</strong></span> <span class='ocrx_word' id='word_1_266' title='bbox 1612 2170 1826 2236; x_wconf 90' lang='lat' dir='ltr'><strong>quando</strong></span> <span class='ocrx_word' id='word_1_267' title='bbox 1881 2180 1986 2218; x_wconf 89' lang='lat' dir='ltr'><strong>non</strong></span> <span class='ocrx_word' id='word_1_268' title='bbox 2017 2163 2154 2215; x_wconf 81' lang='lat' dir='ltr'><strong>LXX</strong></span> 
     </span>
    </p>
   </div>
   <div class='ocr_carea' id='block_1_37' title="bbox 621 2256 2154 2339">
    <p class='ocr_par' dir='ltr' id='par_1_37' title="bbox 621 2256 2154 2339">
     <span class='ocr_line' id='line_1_37' title="bbox 621 2256 2154 2339; baseline -0.012 -13"><span class='ocrx_word' id='word_1_269' title='bbox 621 2272 970 2339; x_wconf 84' lang='lat' dir='ltr'><strong>luterpretum</strong></span> <span class='ocrx_word' id='word_1_270' title='bbox 1004 2276 1233 2326; x_wconf 87' lang='lat' dir='ltr'><strong>tantum,</strong></span> <span class='ocrx_word' id='word_1_271' title='bbox 1260 2264 1353 2317; x_wconf 88' lang='lat' dir='ltr'><strong>sed</strong></span> <span class='ocrx_word' id='word_1_272' title='bbox 1393 2262 1552 2314; x_wconf 88' lang='lat' dir='ltr'><strong>citam</strong></span> <span class='ocrx_word' id='word_1_273' title='bbox 1592 2256 1974 2311; x_wconf 87' lang='lat' dir='ltr'><strong>Thcodotiouis</strong></span> <span class='ocrx_word' id='word_1_274' title='bbox 2020 2264 2154 2308; x_wconf 87' lang='lat' dir='ltr'><strong>erat.</strong></span> 
     </span>
    </p>
   </div>
   <div class='ocr_carea' id='block_1_38' title="bbox 623 2346 2158 2419">
    <p class='ocr_par' dir='ltr' id='par_1_38' title="bbox 623 2346 2158 2419">
     <span class='ocr_line' id='line_1_38' title="bbox 623 2346 2158 2419; baseline -0.012 -2"><span class='ocrx_word' id='word_1_275' title='bbox 623 2361 888 2418; x_wconf 68' lang='lat' dir='ltr'><strong>Caeterum</strong></span> <span class='ocrx_word' id='word_1_276' title='bbox 918 2373 983 2410; x_wconf 78' lang='lat' dir='ltr'><strong>ex</strong></span> <span class='ocrx_word' id='word_1_277' title='bbox 1017 2352 1364 2410; x_wconf 84' lang='lat' dir='ltr'><strong>similitudine</strong></span> <span class='ocrx_word' id='word_1_278' title='bbox 1410 2365 1528 2419; x_wconf 64' lang='lat' dir='ltr'><strong>quae</strong></span> <span class='ocrx_word' id='word_1_279' title='bbox 1572 2347 1932 2402; x_wconf 81' lang='lat' dir='ltr'><strong>intercedebat</strong></span> <span class='ocrx_word' id='word_1_280' title='bbox 1974 2346 2158 2400; x_wconf 90' lang='lat' dir='ltr'><strong>obelos</strong></span> 
     </span>
    </p>
   </div>
   <div class='ocr_carea' id='block_1_39' title="bbox 626 2436 2157 2511">
    <p class='ocr_par' dir='ltr' id='par_1_39' title="bbox 626 2436 2157 2511">
     <span class='ocr_line' id='line_1_39' title="bbox 626 2436 2157 2511; baseline -0.011 -7"><span class='ocrx_word' id='word_1_281' title='bbox 626 2453 765 2504; x_wconf 88' lang='lat' dir='ltr'><strong>inter</strong></span> <span class='ocrx_word' id='word_1_282' title='bbox 791 2458 843 2501; x_wconf 91' lang='lat' dir='ltr'><strong>et</strong></span> <span class='ocrx_word' id='word_1_283' title='bbox 873 2446 1158 2501; x_wconf 78' lang='lat' dir='ltr'><strong>lemniscos</strong></span> <span class='ocrx_word' id='word_1_284' title='bbox 1181 2452 1339 2511; x_wconf 80' lang='lat' dir='ltr'><strong>atque</strong></span> <span class='ocrx_word' id='word_1_285' title='bbox 1367 2439 1811 2509; x_wconf 85' lang='lat' dir='ltr'><strong>hypolemniscos,</strong></span> <span class='ocrx_word' id='word_1_286' title='bbox 1849 2452 1953 2491; x_wconf 94' lang='lat' dir='ltr'><strong>non</strong></span> <span class='ocrx_word' id='word_1_287' title='bbox 1985 2436 2157 2489; x_wconf 86' lang='lat' dir='ltr'><strong>solum</strong></span> 
     </span>
    </p>
   </div>
   <div class='ocr_carea' id='block_1_40' title="bbox 627 2524 2156 2608">
    <p class='ocr_par' dir='ltr' id='par_1_40' title="bbox 627 2524 2156 2608">
     <span class='ocr_line' id='line_1_40' title="bbox 627 2524 2156 2608; baseline -0.012 -16"><span class='ocrx_word' id='word_1_288' title='bbox 627 2547 885 2608; x_wconf 87' lang='lat' dir='ltr'><strong>quantum</strong></span> <span class='ocrx_word' id='word_1_289' title='bbox 914 2535 978 2588; x_wconf 94' lang='lat' dir='ltr'><strong>ad</strong></span> <span class='ocrx_word' id='word_1_290' title='bbox 1010 2533 1253 2595; x_wconf 80' lang='lat' dir='ltr'><strong>formam,</strong></span> <span class='ocrx_word' id='word_1_291' title='bbox 1281 2529 1373 2583; x_wconf 86' lang='lat' dir='ltr'><strong>sed</strong></span> <span class='ocrx_word' id='word_1_292' title='bbox 1405 2529 1565 2581; x_wconf 87' lang='lat' dir='ltr'><strong>etiam</strong></span> <span class='ocrx_word' id='word_1_293' title='bbox 1590 2536 1846 2595; x_wconf 88' lang='lat' dir='ltr'><strong>quantum</strong></span> <span class='ocrx_word' id='word_1_294' title='bbox 1883 2524 1947 2577; x_wconf 89' lang='lat' dir='ltr'><strong>ad</strong></span> <span class='ocrx_word' id='word_1_295' title='bbox 1977 2539 2156 2588; x_wconf 89' lang='lat' dir='ltr'><strong>usum,</strong></span> 
     </span>
    </p>
   </div>
   <div class='ocr_carea' id='block_1_41' title="bbox 627 2609 2158 2687">
    <p class='ocr_par' dir='ltr' id='par_1_41' title="bbox 627 2609 2158 2687">
     <span class='ocr_line' id='line_1_41' title="bbox 627 2609 2158 2687; baseline -0.011 -6"><span class='ocrx_word' id='word_1_296' title='bbox 627 2628 825 2681; x_wconf 82' lang='lat' dir='ltr'><strong>factum</strong></span> <span class='ocrx_word' id='word_1_297' title='bbox 857 2634 937 2678; x_wconf 89' lang='lat' dir='ltr'><strong>est</strong></span> <span class='ocrx_word' id='word_1_298' title='bbox 977 2631 1031 2676; x_wconf 93' lang='lat' dir='ltr'><strong>ut</strong></span> <span class='ocrx_word' id='word_1_299' title='bbox 1067 2619 1305 2674; x_wconf 89' lang='lat' dir='ltr'><strong>lemnisci</strong></span> <span class='ocrx_word' id='word_1_300' title='bbox 1329 2633 1423 2687; x_wconf 88' lang='lat' dir='ltr'><strong>pro</strong></span> <span class='ocrx_word' id='word_1_301' title='bbox 1451 2617 1619 2670; x_wconf 87' lang='lat' dir='ltr'><strong>obelis</strong></span> <span class='ocrx_word' id='word_1_302' title='bbox 1662 2614 1770 2668; x_wconf 87' lang='lat' dir='ltr'><strong>sint</strong></span> <span class='ocrx_word' id='word_1_303' title='bbox 1805 2614 1990 2667; x_wconf 87' lang='lat' dir='ltr'><strong>habiti.</strong></span> <span class='ocrx_word' id='word_1_304' title='bbox 2024 2609 2158 2665; x_wconf 83' lang='lat' dir='ltr'><strong>Nam</strong></span> 
     </span>
    </p>
   </div>
   <div class='ocr_carea' id='block_1_42' title="bbox 629 2702 2158 2783">
    <p class='ocr_par' dir='ltr' id='par_1_42' title="bbox 629 2702 2158 2783">
     <span class='ocr_line' id='line_1_42' title="bbox 629 2702 2158 2783; baseline -0.011 -10"><span class='ocrx_word' id='word_1_305' title='bbox 629 2734 738 2773; x_wconf 86' lang='lat' dir='ltr'><strong>uno</strong></span> <span class='ocrx_word' id='word_1_306' title='bbox 768 2723 987 2783; x_wconf 78' lang='lat' dir='ltr'><strong>excepto</strong></span> <span class='ocrx_word' id='word_1_307' title='bbox 1018 2710 1264 2781; x_wconf 76' lang='lat' dir='ltr'><strong>llesychii</strong></span> <span class='ocrx_word' id='word_1_308' title='bbox 1304 2709 1419 2762; x_wconf 91' lang='lat' dir='ltr'><strong>loco</strong></span> <span class='ocrx_word' id='word_1_309' title='bbox 1450 2721 1611 2774; x_wconf 87' lang='lat' dir='ltr'><strong>supra</strong></span> <span class='ocrx_word' id='word_1_310' title='bbox 1658 2702 1906 2766; x_wconf 89' lang='lat' dir='ltr'><strong>laudato,</strong></span> <span class='ocrx_word' id='word_1_311' title='bbox 1959 2704 2158 2757; x_wconf 89' lang='lat' dir='ltr'><strong>nullam</strong></span> 
     </span>
    </p>
   </div>
   <div class='ocr_carea' id='block_1_43' title="bbox 627 2790 2160 2861">
    <p class='ocr_par' dir='ltr' id='par_1_43' title="bbox 627 2790 2160 2861">
     <span class='ocr_line' id='line_1_43' title="bbox 627 2790 2160 2861; baseline -0.012 0"><span class='ocrx_word' id='word_1_312' title='bbox 627 2822 716 2861; x_wconf 90' lang='lat' dir='ltr'><strong>me</strong></span> <span class='ocrx_word' id='word_1_313' title='bbox 745 2805 1123 2859; x_wconf 87' lang='lat' dir='ltr'><strong>lemniscorum</strong></span> <span class='ocrx_word' id='word_1_314' title='bbox 1171 2799 1492 2852; x_wconf 88' lang='lat' dir='ltr'><strong>mentionem</strong></span> <span class='ocrx_word' id='word_1_315' title='bbox 1545 2810 1574 2847; x_wconf 90' lang='lat' dir='ltr'><strong>a</strong></span> <span class='ocrx_word' id='word_1_316' title='bbox 1605 2803 1841 2861; x_wconf 81' lang='lat' dir='ltr'><strong>tempore</strong></span> <span class='ocrx_word' id='word_1_317' title='bbox 1882 2790 2160 2859; x_wconf 87' lang='lat' dir='ltr'><strong>Epiphanii</strong></span> 
     </span>
    </p>
   </div>
   <div class='ocr_carea' id='block_1_44' title="bbox 629 2881 2161 2964">
    <p class='ocr_par' dir='ltr' id='par_1_44' title="bbox 629 2881 2161 2964">
     <span class='ocr_line' id='line_1_44' title="bbox 629 2881 2161 2964; baseline -0.011 -12"><span class='ocrx_word' id='word_1_318' title='bbox 629 2906 684 2952; x_wconf 92' lang='lat' dir='ltr'><strong>et</strong></span> <span class='ocrx_word' id='word_1_319' title='bbox 715 2892 1021 2964; x_wconf 82' lang='lat' dir='ltr'><strong>Hieronymi</strong></span> <span class='ocrx_word' id='word_1_320' title='bbox 1054 2891 1259 2960; x_wconf 88' lang='lat' dir='ltr'><strong>uspiam</strong></span> <span class='ocrx_word' id='word_1_321' title='bbox 1314 2887 1549 2955; x_wconf 89' lang='lat' dir='ltr'><strong>reperire</strong></span> <span class='ocrx_word' id='word_1_322' title='bbox 1579 2884 1831 2947; x_wconf 89' lang='lat' dir='ltr'><strong>memini;</strong></span> <span class='ocrx_word' id='word_1_323' title='bbox 1878 2881 1932 2935; x_wconf 92' lang='lat' dir='ltr'><strong>in</strong></span> <span class='ocrx_word' id='word_1_324' title='bbox 1977 2881 2161 2935; x_wconf 89' lang='lat' dir='ltr'><strong>Bibliis</strong></span> 
     </span>
    </p>
   </div>
   <div class='ocr_carea' id='block_1_45' title="bbox 631 2969 2163 3049">
    <p class='ocr_par' dir='ltr' id='par_1_45' title="bbox 631 2969 2163 3049">
     <span class='ocr_line' id='line_1_45' title="bbox 631 2969 2163 3049; baseline -0.01 -9"><span class='ocrx_word' id='word_1_325' title='bbox 631 2985 835 3041; x_wconf 78' lang='lat' dir='ltr'><strong>scilicet</strong></span> <span class='ocrx_word' id='word_1_326' title='bbox 862 2979 1267 3049; x_wconf 86' lang='lat' dir='ltr'><strong>manuscriptis,</strong></span> <span class='ocrx_word' id='word_1_327' title='bbox 1303 2979 1356 3031; x_wconf 89' lang='lat' dir='ltr'><strong>in</strong></span> <span class='ocrx_word' id='word_1_328' title='bbox 1401 2975 1617 3030; x_wconf 87' lang='lat' dir='ltr'><strong>Catenis</strong></span> <span class='ocrx_word' id='word_1_329' title='bbox 1646 2982 1699 3028; x_wconf 91' lang='lat' dir='ltr'><strong>et</strong></span> <span class='ocrx_word' id='word_1_330' title='bbox 1732 2975 1786 3026; x_wconf 90' lang='lat' dir='ltr'><strong>in</strong></span> <span class='ocrx_word' id='word_1_331' title='bbox 1825 2969 2163 3025; x_wconf 87' lang='lat' dir='ltr'><strong>Commenta-</strong></span> 
     </span>
    </p>
   </div>
   <div class='ocr_carea' id='block_1_46' title="bbox 630 3076 744 3131">
    <p class='ocr_par' dir='ltr' id='par_1_46' title="bbox 630 3076 744 3131">
     <span class='ocr_line' id='line_1_46' title="bbox 630 3076 744 3131; baseline -0.018 -1"><span class='ocrx_word' id='word_1_332' title='bbox 630 3076 744 3131; x_wconf 87' lang='lat' dir='ltr'><strong>riis.</strong></span> 
     </span>
    </p>
   </div>
   <div class='ocr_carea' id='block_1_47' title="bbox 630 3178 2158 3248">
    <p class='ocr_par' dir='ltr' id='par_1_47' title="bbox 630 3178 2158 3248">
     <span class='ocr_line' id='line_1_47' title="bbox 630 3178 2158 3248; baseline -0.01 -4"><span class='ocrx_word' id='word_1_333' title='bbox 630 3190 696 3247; x_wconf 64' lang='grc' dir='ltr'><strong>ν.</strong></span> <span class='ocrx_word' id='word_1_334' title='bbox 731 3188 794 3242; x_wconf 83' lang='lat' dir='ltr'><strong>In</strong></span> <span class='ocrx_word' id='word_1_335' title='bbox 825 3187 1082 3241; x_wconf 82' lang='lat' dir='ltr'><strong>hodieruis</strong></span> <span class='ocrx_word' id='word_1_336' title='bbox 1097 3182 1404 3236; x_wconf 83' lang='lat' dir='ltr'><strong>editionibus</strong></span> <span class='ocrx_word' id='word_1_337' title='bbox 1433 3191 1480 3234; x_wconf 90' lang='lat' dir='ltr'><strong>et</strong></span> <span class='ocrx_word' id='word_1_338' title='bbox 1508 3197 1609 3232; x_wconf 87' lang='lat' dir='ltr'><strong>mss</strong></span> <span class='ocrx_word' id='word_1_339' title='bbox 1627 3178 1772 3233; x_wconf 80' lang='lat' dir='ltr'><strong>LXX</strong></span> <span class='ocrx_word' id='word_1_340' title='bbox 1793 3179 2158 3248; x_wconf 82' lang='lat' dir='ltr'><strong>lnterpretum,</strong></span> 
     </span>
    </p>
   </div>
   <div class='ocr_carea' id='block_1_48' title="bbox 701 3248 2161 3317">
    <p class='ocr_par' dir='ltr' id='par_1_48' title="bbox 701 3248 2161 3317">
     <span class='ocr_line' id='line_1_48' title="bbox 701 3248 2161 3317; baseline -0.009 -5"><span class='ocrx_word' id='word_1_341' title='bbox 701 3260 866 3312; x_wconf 88' lang='lat' dir='ltr'><strong>multa</strong></span> <span class='ocrx_word' id='word_1_342' title='bbox 895 3273 958 3309; x_wconf 76' lang='lat' dir='ltr'><strong>ea:</strong></span> <span class='ocrx_word' id='word_1_343' title='bbox 980 3255 1203 3308; x_wconf 82' lang='lat' dir='ltr'><strong>editione</strong></span> <span class='ocrx_word' id='word_1_344' title='bbox 1234 3252 1331 3304; x_wconf 90' lang='lat' dir='ltr'><strong>illa</strong></span> <span class='ocrx_word' id='word_1_345' title='bbox 1361 3248 1650 3317; x_wconf 80' lang='lat' dir='ltr'><strong>Hexaplari</strong></span> <span class='ocrx_word' id='word_1_346' title='bbox 1686 3251 1952 3317; x_wconf 82' lang='lat' dir='ltr'><strong>desumpta</strong></span> <span class='ocrx_word' id='word_1_347' title='bbox 1985 3249 2161 3317; x_wconf 81' lang='lat' dir='ltr'><strong>depre-</strong></span> 
     </span>
    </p>
   </div>
   <div class='ocr_carea' id='block_1_49' title="bbox 699 3326 1010 3380">
    <p class='ocr_par' dir='ltr' id='par_1_49' title="bbox 699 3326 1010 3380">
     <span class='ocr_line' id='line_1_49' title="bbox 699 3326 1010 3380; baseline -0.013 -1"><span class='ocrx_word' id='word_1_348' title='bbox 699 3326 1010 3380; x_wconf 86' lang='lat' dir='ltr'><strong>henduntur.</strong></span> 
     </span>
    </p>
   </div>
   <div class='ocr_carea' id='block_1_50' title="bbox 702 3426 2166 3503">
    <p class='ocr_par' dir='ltr' id='par_1_50' title="bbox 702 3426 2166 3503">
     <span class='ocr_line' id='line_1_50' title="bbox 702 3426 2166 3503; baseline -0.007 -12"><span class='ocrx_word' id='word_1_349' title='bbox 702 3438 892 3491; x_wconf 85' lang='lat' dir='ltr'><strong>Narrat</strong></span> <span class='ocrx_word' id='word_1_350' title='bbox 919 3435 1271 3503; x_wconf 81' lang='lat' dir='ltr'><strong>Hieronymus</strong></span> <span class='ocrx_word' id='word_1_351' title='bbox 1301 3438 1534 3499; x_wconf 88' lang='lat' dir='ltr'><strong>tempore</strong></span> <span class='ocrx_word' id='word_1_352' title='bbox 1556 3443 1654 3483; x_wconf 91' lang='lat' dir='ltr'><strong>suo</strong></span> <span class='ocrx_word' id='word_1_353' title='bbox 1692 3428 1956 3482; x_wconf 85' lang='lat' dir='ltr'><strong>Ecclesias</strong></span> <span class='ocrx_word' id='word_1_354' title='bbox 1991 3426 2166 3481; x_wconf 89' lang='lat' dir='ltr'><strong>varias</strong></span> 
     </span>
    </p>
   </div>
   <div class='ocr_carea' id='block_1_51' title="bbox 629 3521 2160 3591">
    <p class='ocr_par' dir='ltr' id='par_1_51' title="bbox 629 3521 2160 3591">
     <span class='ocr_line' id='line_1_51' title="bbox 629 3521 2160 3591; baseline -0.007 -8"><span class='ocrx_word' id='word_1_355' title='bbox 629 3529 796 3584; x_wconf 72' lang='lat' dir='ltr'><strong>variis</strong></span> <span class='ocrx_word' id='word_1_356' title='bbox 848 3524 983 3579; x_wconf 85' lang='lat' dir='ltr'><strong>LXX</strong></span> <span class='ocrx_word' id='word_1_357' title='bbox 1038 3523 1389 3591; x_wconf 86' lang='lat' dir='ltr'><strong>interpretum</strong></span> <span class='ocrx_word' id='word_1_358' title='bbox 1443 3521 1767 3575; x_wconf 85' lang='lat' dir='ltr'><strong>editionibus</strong></span> <span class='ocrx_word' id='word_1_359' title='bbox 1824 3536 1950 3574; x_wconf 90' lang='lat' dir='ltr'><strong>usas</strong></span> <span class='ocrx_word' id='word_1_360' title='bbox 2022 3534 2160 3572; x_wconf 91' lang='lat' dir='ltr'><strong>esse.</strong></span> 
     </span>
    </p>
   </div>
   <div class='ocr_carea' id='block_1_52' title="bbox 635 3607 2165 3683">
    <p class='ocr_par' dir='ltr' id='par_1_52' title="bbox 635 3607 2165 3683">
     <span class='ocr_line' id='line_1_52' title="bbox 635 3607 2165 3683; baseline -0.006 -12"><span class='ocrx_word' id='word_1_361' title='bbox 635 3618 971 3681; x_wconf 68' lang='lat' dir='ltr'><strong>Alexandria,</strong></span> <span class='ocrx_word' id='word_1_362' title='bbox 1021 3614 1213 3683; x_wconf 84' lang='lat' dir='ltr'><strong>inquit,</strong></span> <span class='ocrx_word' id='word_1_363' title='bbox 1242 3622 1290 3666; x_wconf 89' lang='lat' dir='ltr'><strong>et</strong></span> <span class='ocrx_word' id='word_1_364' title='bbox 1318 3612 1600 3682; x_wconf 51' lang='lat' dir='ltr'><strong>ngyptus,</strong></span> <span class='ocrx_word' id='word_1_365' title='bbox 1634 3612 1688 3663; x_wconf 89' lang='lat' dir='ltr'><strong>in</strong></span> <span class='ocrx_word' id='word_1_366' title='bbox 1717 3607 1864 3663; x_wconf 82' lang='lat' dir='ltr'><strong>LXX</strong></span> <span class='ocrx_word' id='word_1_367' title='bbox 1916 3610 2023 3663; x_wconf 84' lang='lat' dir='ltr'><strong>suis</strong></span> <span class='ocrx_word' id='word_1_368' title='bbox 2054 3607 2165 3662; x_wconf 86' lang='lat' dir='ltr'><strong>He-</strong></span> 
     </span>
    </p>
   </div>
   <div class='ocr_carea' id='block_1_53' title="bbox 632 3699 2166 3780">
    <p class='ocr_par' dir='ltr' id='par_1_53' title="bbox 632 3699 2166 3780">
     <span class='ocr_line' id='line_1_53' title="bbox 632 3699 2166 3780; baseline -0.008 -17"><span class='ocrx_word' id='word_1_369' title='bbox 632 3708 865 3780; x_wconf 71' lang='lat' dir='ltr'><strong>sychium</strong></span> <span class='ocrx_word' id='word_1_370' title='bbox 913 3704 1094 3758; x_wconf 87' lang='lat' dir='ltr'><strong>laudat</strong></span> <span class='ocrx_word' id='word_1_371' title='bbox 1138 3711 1429 3764; x_wconf 83' lang='lat' dir='ltr'><strong>auctorem;</strong></span> <span class='ocrx_word' id='word_1_372' title='bbox 1482 3699 1955 3767; x_wconf 77' lang='lat' dir='ltr'><strong>Constantinopolis</strong></span> <span class='ocrx_word' id='word_1_373' title='bbox 2008 3712 2166 3766; x_wconf 82' lang='lat' dir='ltr'><strong>usque</strong></span> 
     </span>
    </p>
   </div>
   <div class='ocr_carea' id='block_1_54' title="bbox 635 3788 2167 3858">
    <p class='ocr_par' dir='ltr' id='par_1_54' title="bbox 635 3788 2167 3858">
     <span class='ocr_line' id='line_1_54' title="bbox 635 3788 2167 3858; baseline -0.01 -3"><span class='ocrx_word' id='word_1_374' title='bbox 635 3797 962 3855; x_wconf 82' lang='lat' dir='ltr'><strong>Antiochiam</strong></span> <span class='ocrx_word' id='word_1_375' title='bbox 992 3794 1214 3847; x_wconf 84' lang='lat' dir='ltr'><strong>Luciani</strong></span> <span class='ocrx_word' id='word_1_376' title='bbox 1234 3793 1475 3858; x_wconf 80' lang='lat' dir='ltr'><strong>martyris</strong></span> <span class='ocrx_word' id='word_1_377' title='bbox 1488 3791 1798 3858; x_wconf 73' lang='lat' dir='ltr'><strong>exemplaria</strong></span> <span class='ocrx_word' id='word_1_378' title='bbox 1826 3788 2039 3858; x_wconf 82' lang='lat' dir='ltr'><strong>probat;</strong></span> <span class='ocrx_word' id='word_1_379' title='bbox 2061 3805 2167 3841; x_wconf 87' lang='lat' dir='ltr'><strong>me-</strong></span> 
     </span>
    </p>
   </div>
   <div class='ocr_carea' id='block_1_55' title="bbox 628 3880 2162 3951">
    <p class='ocr_par' dir='ltr' id='par_1_55' title="bbox 628 3880 2162 3951">
     <span class='ocr_line' id='line_1_55' title="bbox 628 3880 2162 3951; baseline -0.007 -10"><span class='ocrx_word' id='word_1_380' title='bbox 628 3891 735 3944; x_wconf 75' lang='lat' dir='ltr'><strong>dia:</strong></span> <span class='ocrx_word' id='word_1_381' title='bbox 768 3890 900 3941; x_wconf 84' lang='lat' dir='ltr'><strong>inter</strong></span> <span class='ocrx_word' id='word_1_382' title='bbox 928 3886 1019 3937; x_wconf 83' lang='lat' dir='ltr'><strong>has</strong></span> <span class='ocrx_word' id='word_1_383' title='bbox 1053 3884 1326 3951; x_wconf 77' lang='lat' dir='ltr'><strong>provincia:</strong></span> <span class='ocrx_word' id='word_1_384' title='bbox 1375 3881 1682 3935; x_wconf 62' lang='lat' dir='ltr'><strong>Palestinos</strong></span> <span class='ocrx_word' id='word_1_385' title='bbox 1712 3881 1909 3932; x_wconf 86' lang='lat' dir='ltr'><strong>codices</strong></span> <span class='ocrx_word' id='word_1_386' title='bbox 1966 3880 2162 3948; x_wconf 88' lang='lat' dir='ltr'><strong>legunt,</strong></span> 
     </span>
    </p>
   </div>
   <div class='ocr_carea' id='block_1_56' title="bbox 630 3969 2164 4051">
    <p class='ocr_par' dir='ltr' id='par_1_56' title="bbox 630 3969 2164 4051">
     <span class='ocr_line' id='line_1_56' title="bbox 630 3969 2164 4051; baseline -0.008 -18"><span class='ocrx_word' id='word_1_387' title='bbox 630 3996 759 4051; x_wconf 76' lang='lat' dir='ltr'><strong>quos</strong></span> <span class='ocrx_word' id='word_1_388' title='bbox 792 3977 855 4031; x_wconf 90' lang='lat' dir='ltr'><strong>ab</strong></span> <span class='ocrx_word' id='word_1_389' title='bbox 891 3976 1106 4044; x_wconf 82' lang='lat' dir='ltr'><strong>Origene</strong></span> <span class='ocrx_word' id='word_1_390' title='bbox 1142 3972 1430 4025; x_wconf 87' lang='lat' dir='ltr'><strong>elaboratas</strong></span> <span class='ocrx_word' id='word_1_391' title='bbox 1476 3970 1725 4025; x_wconf 80' lang='lat' dir='ltr'><strong>Eusebius</strong></span> <span class='ocrx_word' id='word_1_392' title='bbox 1769 3979 1819 4022; x_wconf 89' lang='lat' dir='ltr'><strong>et</strong></span> <span class='ocrx_word' id='word_1_393' title='bbox 1860 3969 2164 4038; x_wconf 79' lang='lat' dir='ltr'><strong>Pamphilus</strong></span> 
     </span>
    </p>
   </div>
   <div class='ocr_carea' id='block_1_57' title="bbox 634 4060 2165 4139">
    <p class='ocr_par' dir='ltr' id='par_1_57' title="bbox 634 4060 2165 4139">
     <span class='ocr_line' id='line_1_57' title="bbox 634 4060 2165 4139; baseline -0.01 -15"><span class='ocrx_word' id='word_1_394' title='bbox 634 4071 963 4139; x_wconf 74' lang='lat' dir='ltr'><strong>vulgaverant</strong></span> <span class='ocrx_word' id='word_1_395' title='bbox 993 4081 1011 4119; x_wconf 91' lang='lat'><strong><em>:</em></strong></span> <span class='ocrx_word' id='word_1_396' title='bbox 1037 4076 1271 4133; x_wconf 78' lang='lat' dir='ltr'><strong>totusque</strong></span> <span class='ocrx_word' id='word_1_397' title='bbox 1306 4062 1444 4114; x_wconf 87' lang='lat' dir='ltr'><strong>orbis</strong></span> <span class='ocrx_word' id='word_1_398' title='bbox 1495 4061 1591 4112; x_wconf 85' lang='lat' dir='ltr'><strong>huc</strong></span> <span class='ocrx_word' id='word_1_399' title='bbox 1614 4064 1748 4113; x_wconf 87' lang='lat' dir='ltr'><strong>inter</strong></span> <span class='ocrx_word' id='word_1_400' title='bbox 1800 4076 1853 4112; x_wconf 86' lang='lat' dir='ltr'><strong>se</strong></span> <span class='ocrx_word' id='word_1_401' title='bbox 1901 4060 2165 4111; x_wconf 86' lang='lat' dir='ltr'><strong>contraria</strong></span> 
     </span>
    </p>
   </div>
   <div class='ocr_carea' id='block_1_58' title="bbox 633 4148 2163 4227">
    <p class='ocr_par' dir='ltr' id='par_1_58' title="bbox 633 4148 2163 4227">
     <span class='ocr_line' id='line_1_58' title="bbox 633 4148 2163 4227; baseline -0.011 -12"><span class='ocrx_word' id='word_1_402' title='bbox 633 4162 879 4214; x_wconf 80' lang='lat' dir='ltr'><strong>varietate</strong></span> <span class='ocrx_word' id='word_1_403' title='bbox 909 4163 1234 4227; x_wconf 82' lang='lat' dir='ltr'><strong>compugnal.</strong></span> <span class='ocrx_word' id='word_1_404' title='bbox 1272 4151 1335 4204; x_wconf 87' lang='lat' dir='ltr'><strong>Et</strong></span> <span class='ocrx_word' id='word_1_405' title='bbox 1368 4152 1417 4203; x_wconf 92' lang='lat' dir='ltr'><strong>in</strong></span> <span class='ocrx_word' id='word_1_406' title='bbox 1441 4150 1657 4217; x_wconf 77' lang='lat' dir='ltr'><strong>cpistola</strong></span> <span class='ocrx_word' id='word_1_407' title='bbox 1686 4148 1750 4200; x_wconf 92' lang='lat' dir='ltr'><strong>ad</strong></span> <span class='ocrx_word' id='word_1_408' title='bbox 1787 4148 2163 4212; x_wconf 71' lang='lat' dir='ltr'><strong>Augustinum,</strong></span> 
     </span>
    </p>
   </div>
   <div class='ocr_carea' id='block_1_59' title="bbox 634 4237 2165 4320">
    <p class='ocr_par' dir='ltr' id='par_1_59' title="bbox 634 4237 2165 4320">
     <span class='ocr_line' id='line_1_59' title="bbox 634 4237 2165 4320; baseline -0.009 -16"><span class='ocrx_word' id='word_1_409' title='bbox 634 4265 753 4320; x_wconf 71' lang='lat' dir='ltr'><strong>qua:</strong></span> <span class='ocrx_word' id='word_1_410' title='bbox 767 4258 846 4302; x_wconf 90' lang='lat' dir='ltr'><strong>est</strong></span> <span class='ocrx_word' id='word_1_411' title='bbox 875 4250 925 4300; x_wconf 92' lang='lat' dir='ltr'><strong>in</strong></span> <span class='ocrx_word' id='word_1_412' title='bbox 965 4255 1227 4314; x_wconf 86' lang='lat' dir='ltr'><strong>postrema</strong></span> <span class='ocrx_word' id='word_1_413' title='bbox 1260 4242 1488 4293; x_wconf 87' lang='lat' dir='ltr'><strong>editione</strong></span> <span class='ocrx_word' id='word_1_414' title='bbox 1523 4239 1607 4298; x_wconf 72' lang='grc'><strong>74,</strong></span> <span class='ocrx_word' id='word_1_415' title='bbox 1631 4237 1920 4306; x_wconf 83' lang='grc' dir='ltr'><strong>εἰρωνικῶς</strong></span> <span class='ocrx_word' id='word_1_416' title='bbox 1943 4238 2165 4305; x_wconf 90' lang='lat' dir='ltr'><strong>loquens</strong></span> 
     </span>
    </p>
   </div>
   <div class='ocr_carea' id='block_1_60' title="bbox 637 4326 2144 4395">
    <p class='ocr_par' dir='ltr' id='par_1_60' title="bbox 637 4326 2144 4395">
     <span class='ocr_line' id='line_1_60' title="bbox 637 4326 2144 4395; baseline -0.01 -2"><span class='ocrx_word' id='word_1_417' title='bbox 637 4340 713 4395; x_wconf 87' lang='lat' dir='ltr'><strong>ait</strong></span> <span class='ocrx_word' id='word_1_418' title='bbox 743 4357 757 4391; x_wconf 90' lang='lat'><strong>:</strong></span> <span class='ocrx_word' id='word_1_419' title='bbox 793 4336 879 4390; x_wconf 86' lang='lat' dir='ltr'><strong>Vis</strong></span> <span class='ocrx_word' id='word_1_420' title='bbox 913 4347 1115 4387; x_wconf 84' lang='lat' dir='ltr'><strong>amator</strong></span> <span class='ocrx_word' id='word_1_421' title='bbox 1142 4348 1248 4385; x_wconf 87' lang='lat' dir='ltr'><strong>esse</strong></span> <span class='ocrx_word' id='word_1_422' title='bbox 1271 4347 1414 4383; x_wconf 84' lang='lat' dir='ltr'><strong>verus</strong></span> <span class='ocrx_word' id='word_1_423' title='bbox 1432 4326 1579 4380; x_wconf 83' lang='lat' dir='ltr'><strong>LXX</strong></span> <span class='ocrx_word' id='word_1_424' title='bbox 1601 4327 1961 4395; x_wconf 81' lang='lat' dir='ltr'><strong>lnterpretum,</strong></span> <span class='ocrx_word' id='word_1_425' title='bbox 1981 4343 2078 4378; x_wconf 84' lang='lat' dir='ltr'><strong>non</strong></span> <span class='ocrx_word' id='word_1_426' title='bbox 2098 4326 2144 4379; x_wconf 87' lang='lat' dir='ltr'><strong>le</strong></span> 
     </span>
    </p>
   </div>
   <div class='ocr_carea' id='block_1_61' title="bbox 635 4417 2166 4502">
    <p class='ocr_par' dir='ltr' id='par_1_61' title="bbox 635 4417 2166 4502">
     <span class='ocr_line' id='line_1_61' title="bbox 635 4417 2166 4502; baseline -0.009 -18"><span class='ocrx_word' id='word_1_427' title='bbox 635 4446 727 4502; x_wconf 78' lang='lat' dir='ltr'><strong>gas</strong></span> <span class='ocrx_word' id='word_1_428' title='bbox 749 4445 808 4482; x_wconf 82' lang='lat' dir='ltr'><strong>ea</strong></span> <span class='ocrx_word' id='word_1_429' title='bbox 835 4442 949 4498; x_wconf 66' lang='lat' dir='ltr'><strong>quae</strong></span> <span class='ocrx_word' id='word_1_430' title='bbox 972 4427 1062 4478; x_wconf 87' lang='lat' dir='ltr'><strong>sub</strong></span> <span class='ocrx_word' id='word_1_431' title='bbox 1090 4423 1349 4476; x_wconf 83' lang='lat' dir='ltr'><strong>asteriscis</strong></span> <span class='ocrx_word' id='word_1_432' title='bbox 1377 4429 1495 4473; x_wconf 85' lang='lat' dir='ltr'><strong>sunt</strong></span> <span class='ocrx_word' id='word_1_433' title='bbox 1529 4437 1545 4472; x_wconf 92' lang='lat'><em>:</em></span> <span class='ocrx_word' id='word_1_434' title='bbox 1582 4422 1686 4470; x_wconf 85' lang='lat' dir='ltr'><strong>into</strong></span> <span class='ocrx_word' id='word_1_435' title='bbox 1714 4419 1835 4469; x_wconf 86' lang='lat' dir='ltr'><strong>rude</strong></span> <span class='ocrx_word' id='word_1_436' title='bbox 1857 4417 1920 4469; x_wconf 89' lang='lat' dir='ltr'><strong>de</strong></span> <span class='ocrx_word' id='word_1_437' title='bbox 1951 4418 2166 4470; x_wconf 86' lang='lat' dir='ltr'><strong>volumi-</strong></span> 
     </span>
    </p>
   </div>
   <div class='ocr_carea' id='block_1_62' title="bbox 2257 1980 3677 2052">
    <p class='ocr_par' dir='ltr' id='par_1_62' title="bbox 2257 1980 3677 2052">
     <span class='ocr_line' id='line_1_62' title="bbox 2257 1980 3677 2052; baseline 0.001 -16"><span class='ocrx_word' id='word_1_438' title='bbox 2257 1982 2525 2037; x_wconf 85' lang='lat' dir='ltr'><strong>hotliernis</strong></span> <span class='ocrx_word' id='word_1_439' title='bbox 2558 1980 2743 2034; x_wconf 88' lang='lat' dir='ltr'><strong>Bibliis</strong></span> <span class='ocrx_word' id='word_1_440' title='bbox 2775 1981 3135 2049; x_wconf 73' lang='lat' dir='ltr'><strong>coniunctim</strong></span> <span class='ocrx_word' id='word_1_441' title='bbox 3174 1981 3411 2052; x_wconf 83' lang='lat' dir='ltr'><strong>legitur.</strong></span> <span class='ocrx_word' id='word_1_442' title='bbox 3462 1982 3677 2038; x_wconf 88' lang='lat' dir='ltr'><strong>Similia</strong></span> 
     </span>
    </p>
   </div>
   <div class='ocr_carea' id='block_1_63' title="bbox 2256 2070 2897 2139">
    <p class='ocr_par' dir='ltr' id='par_1_63' title="bbox 2256 2070 2897 2139">
     <span class='ocr_line' id='line_1_63' title="bbox 2256 2070 2897 2139; baseline -0.002 -16"><span class='ocrx_word' id='word_1_443' title='bbox 2256 2070 2555 2139; x_wconf 82' lang='lat' dir='ltr'><strong>frequenter</strong></span> <span class='ocrx_word' id='word_1_444' title='bbox 2586 2077 2897 2125; x_wconf 90' lang='lat' dir='ltr'><strong>occurrunt.</strong></span> 
     </span>
    </p>
   </div>
   <div class='ocr_carea' id='block_1_64' title="bbox 2324 2183 3692 2254">
    <p class='ocr_par' dir='ltr' id='par_1_64' title="bbox 2324 2183 3692 2254">
     <span class='ocr_line' id='line_1_64' title="bbox 2324 2183 3692 2254; baseline 0.001 -18"><span class='ocrx_word' id='word_1_445' title='bbox 2324 2183 2379 2236; x_wconf 92' lang='lat' dir='ltr'><strong>ln</strong></span> <span class='ocrx_word' id='word_1_446' title='bbox 2403 2183 2720 2237; x_wconf 89' lang='lat' dir='ltr'><strong>Ecclesiaste</strong></span> <span class='ocrx_word' id='word_1_447' title='bbox 2743 2197 2868 2236; x_wconf 90' lang='lat' dir='ltr'><strong>vero</strong></span> <span class='ocrx_word' id='word_1_448' title='bbox 2923 2185 3029 2236; x_wconf 77' lang='grc' dir='ltr'>σὺν</span> <span class='ocrx_word' id='word_1_449' title='bbox 3053 2184 3418 2253; x_wconf 68' lang='lat' dir='ltr'><strong>praepositio,</strong></span> <span class='ocrx_word' id='word_1_450' title='bbox 3440 2201 3549 2253; x_wconf 89' lang='lat' dir='ltr'><strong>qua</strong></span> <span class='ocrx_word' id='word_1_451' title='bbox 3564 2200 3692 2254; x_wconf 80' lang='lat' dir='ltr'><strong>expr</strong></span> 
     </span>
    </p>
   </div>
   <div class='ocr_carea' id='block_1_65' title="bbox 2257 2274 3689 2344">
    <p class='ocr_par' dir='ltr' id='par_1_65' title="bbox 2257 2274 3689 2344">
     <span class='ocr_line' id='line_1_65' title="bbox 2257 2274 3689 2344; baseline -0.001 -13"><span class='ocrx_word' id='word_1_452' title='bbox 2257 2276 2460 2331; x_wconf 85' lang='lat' dir='ltr'><strong>solebat</strong></span> <span class='ocrx_word' id='word_1_453' title='bbox 2486 2275 2673 2344; x_wconf 79' lang='lat' dir='ltr'><strong>Aquila</strong></span> <span class='ocrx_word' id='word_1_454' title='bbox 2699 2275 3025 2343; x_wconf 86' lang='lat' dir='ltr'><strong>particulam</strong></span> <span class='ocrx_word' id='word_1_455' title='bbox 3051 2274 3398 2330; x_wconf 84' lang='lat' dir='ltr'><strong>Hebraicam</strong></span> <span class='ocrx_word' id='word_1_456' title='bbox 3424 2288 3533 2339; x_wconf 56' lang='lat' dir='ltr'><strong>me,</strong></span> <span class='ocrx_word' id='word_1_457' title='bbox 3561 2286 3689 2329; x_wconf 89' lang='lat' dir='ltr'><strong>nota</strong></span> 
     </span>
    </p>
   </div>
   <div class='ocr_carea' id='block_1_66' title="bbox 2258 2364 3687 2437">
    <p class='ocr_par' dir='ltr' id='par_1_66' title="bbox 2258 2364 3687 2437">
     <span class='ocr_line' id='line_1_66' title="bbox 2258 2364 3687 2437; baseline 0 -18"><span class='ocrx_word' id='word_1_458' title='bbox 2258 2366 2480 2419; x_wconf 90' lang='lat' dir='ltr'><strong>cusativi</strong></span> <span class='ocrx_word' id='word_1_459' title='bbox 2515 2380 2694 2425; x_wconf 88' lang='lat' dir='ltr'><strong>casus,</strong></span> <span class='ocrx_word' id='word_1_460' title='bbox 2718 2379 3002 2433; x_wconf 87' lang='lat' dir='ltr'><strong>quamque</strong></span> <span class='ocrx_word' id='word_1_461' title='bbox 3033 2364 3340 2437; x_wconf 47' lang='lat' dir='ltr'><strong>Origenes?</strong></span> <span class='ocrx_word' id='word_1_462' title='bbox 3365 2368 3423 2421; x_wconf 89' lang='lat' dir='ltr'><strong>in</strong></span> <span class='ocrx_word' id='word_1_463' title='bbox 3462 2368 3687 2437; x_wconf 76' lang='lat' dir='ltr'><strong>hexapla</strong></span> 
     </span>
    </p>
   </div>
   <div class='ocr_carea' id='block_1_67' title="bbox 2258 2454 3690 2522">
    <p class='ocr_par' dir='ltr' id='par_1_67' title="bbox 2258 2454 3690 2522">
     <span class='ocr_line' id='line_1_67' title="bbox 2258 2454 3690 2522; baseline 0.001 -16"><span class='ocrx_word' id='word_1_464' title='bbox 2258 2454 2487 2507; x_wconf 88' lang='lat' dir='ltr'><strong>editione</strong></span> <span class='ocrx_word' id='word_1_465' title='bbox 2507 2454 2781 2522; x_wconf 63' lang='lat' dir='ltr'><strong>praemisso</strong></span> <span class='ocrx_word' id='word_1_466' title='bbox 2807 2455 3110 2517; x_wconf 84' lang='lat' dir='ltr'><strong>asterisco,</strong></span> <span class='ocrx_word' id='word_1_467' title='bbox 3147 2455 3333 2509; x_wconf 90' lang='lat' dir='ltr'><strong>sicubi</strong></span> <span class='ocrx_word' id='word_1_468' title='bbox 3383 2471 3690 2510; x_wconf 78' lang='lat' dir='ltr'><strong>occurreret</strong></span> 
     </span>
    </p>
   </div>
   <div class='ocr_carea' id='block_1_68' title="bbox 2259 2541 3687 2613">
    <p class='ocr_par' dir='ltr' id='par_1_68' title="bbox 2259 2541 3687 2613">
     <span class='ocr_line' id='line_1_68' title="bbox 2259 2541 3687 2613; baseline 0 -15"><span class='ocrx_word' id='word_1_469' title='bbox 2259 2552 2456 2606; x_wconf 89' lang='lat' dir='ltr'><strong>suerat,</strong></span> <span class='ocrx_word' id='word_1_470' title='bbox 2486 2558 2589 2596; x_wconf 91' lang='lat' dir='ltr'><strong>non</strong></span> <span class='ocrx_word' id='word_1_471' title='bbox 2618 2541 2996 2611; x_wconf 82' lang='lat' dir='ltr'><strong>infrequenter</strong></span> <span class='ocrx_word' id='word_1_472' title='bbox 3058 2546 3345 2613; x_wconf 86' lang='lat' dir='ltr'><strong>reperitur</strong></span> <span class='ocrx_word' id='word_1_473' title='bbox 3375 2546 3432 2599; x_wconf 90' lang='lat' dir='ltr'><strong>in</strong></span> <span class='ocrx_word' id='word_1_474' title='bbox 3475 2546 3687 2601; x_wconf 88' lang='lat' dir='ltr'><strong>edition</strong></span> 
     </span>
    </p>
   </div>
   <div class='ocr_carea' id='block_1_69' title="bbox 2259 2631 3677 2705">
    <p class='ocr_par' dir='ltr' id='par_1_69' title="bbox 2259 2631 3677 2705">
     <span class='ocr_line' id='line_1_69' title="bbox 2259 2631 3677 2705; baseline -0.001 -19"><span class='ocrx_word' id='word_1_475' title='bbox 2259 2647 2436 2686; x_wconf 83' lang='lat' dir='ltr'><strong>mana.</strong></span> <span class='ocrx_word' id='word_1_476' title='bbox 2465 2631 2553 2685; x_wconf 91' lang='lat' dir='ltr'><strong>Sic</strong></span> <span class='ocrx_word' id='word_1_477' title='bbox 2580 2647 2696 2700; x_wconf 87' lang='lat' dir='ltr'><strong>cap.</strong></span> <span class='ocrx_word' id='word_1_478' title='bbox 2726 2648 2784 2692; x_wconf 82' lang='grc' dir='ltr'><strong>ιι,</strong></span> <span class='ocrx_word' id='word_1_479' title='bbox 2819 2648 2869 2683; x_wconf 92' lang='lat' dir='ltr'><strong>v.</strong></span> <span class='ocrx_word' id='word_1_480' title='bbox 2904 2632 2999 2698; x_wconf 82' lang='grc'><strong>17,</strong></span> <span class='ocrx_word' id='word_1_481' title='bbox 3032 2635 3135 2686; x_wconf 57' lang='grc' dir='ltr'><strong>καὶ⁹</strong></span> <span class='ocrx_word' id='word_1_482' title='bbox 3159 2635 3411 2705; x_wconf 71' lang='grc' dir='ltr'>ἐμίσησα</span> <span class='ocrx_word' id='word_1_483' title='bbox 3452 2636 3550 2701; x_wconf 70' lang='grc' dir='ltr'><strong>σὺν</strong></span> <span class='ocrx_word' id='word_1_484' title='bbox 3580 2635 3677 2704; x_wconf 81' lang='grc' dir='ltr'>τὴν</span> 
     </span>
    </p>
   </div>
   <div class='ocr_carea' id='block_1_70' title="bbox 2261 2720 3688 2789">
    <p class='ocr_par' dir='ltr' id='par_1_70' title="bbox 2261 2720 3688 2789">
     <span class='ocr_line' id='line_1_70' title="bbox 2261 2720 3688 2789; baseline 0.003 -14"><span class='ocrx_word' id='word_1_485' title='bbox 2261 2729 2312 2775; x_wconf 90' lang='lat' dir='ltr'><strong>et</strong></span> <span class='ocrx_word' id='word_1_486' title='bbox 2337 2736 2452 2789; x_wconf 90' lang='lat' dir='ltr'><strong>cap.</strong></span> <span class='ocrx_word' id='word_1_487' title='bbox 2494 2735 2575 2783; x_wconf 86' lang='lat' dir='ltr'><strong>tu,</strong></span> <span class='ocrx_word' id='word_1_488' title='bbox 2603 2736 2656 2776; x_wconf 76' lang='grc' dir='ltr'><strong>ν.</strong></span> <span class='ocrx_word' id='word_1_489' title='bbox 2692 2720 2777 2786; x_wconf 81' lang='grc'><strong>17,</strong></span> <span class='ocrx_word' id='word_1_490' title='bbox 2814 2722 2913 2775; x_wconf 80' lang='grc' dir='ltr'>σὺν</span> <span class='ocrx_word' id='word_1_491' title='bbox 2932 2723 3027 2776; x_wconf 71' lang='grc' dir='ltr'><strong>τὸν</strong></span> <span class='ocrx_word' id='word_1_492' title='bbox 3051 2725 3271 2779; x_wconf 77' lang='grc' dir='ltr'><strong>δίκαιον</strong></span> <span class='ocrx_word' id='word_1_493' title='bbox 3304 2728 3405 2779; x_wconf 77' lang='grc' dir='ltr'>καὶ</span> <span class='ocrx_word' id='word_1_494' title='bbox 3442 2728 3541 2779; x_wconf 86' lang='grc' dir='ltr'>σὺν</span> <span class='ocrx_word' id='word_1_495' title='bbox 3572 2726 3688 2779; x_wconf 71' lang='grc' dir='ltr'><strong>τὸν.</strong></span> 
     </span>
    </p>
   </div>
   <div class='ocr_carea' id='block_1_71' title="bbox 2262 2809 3686 2884">
    <p class='ocr_par' dir='ltr' id='par_1_71' title="bbox 2262 2809 3686 2884">
     <span class='ocr_line' id='line_1_71' title="bbox 2262 2809 3686 2884; baseline 0.002 -20"><span class='ocrx_word' id='word_1_496' title='bbox 2262 2813 2433 2881; x_wconf 82' lang='grc' dir='ltr'>κρινεῖ</span> <span class='ocrx_word' id='word_1_497' title='bbox 2471 2811 2499 2861; x_wconf 87' lang='grc' dir='ltr'>ὁ</span> <span class='ocrx_word' id='word_1_498' title='bbox 2544 2809 2692 2870; x_wconf 83' lang='grc' dir='ltr'>Θεὸς,</span> <span class='ocrx_word' id='word_1_499' title='bbox 2738 2821 2791 2863; x_wconf 88' lang='lat' dir='ltr'><strong>et</strong></span> <span class='ocrx_word' id='word_1_500' title='bbox 2844 2810 3053 2866; x_wconf 87' lang='lat' dir='ltr'><strong>similia</strong></span> <span class='ocrx_word' id='word_1_501' title='bbox 3103 2815 3385 2881; x_wconf 67' lang='lat' dir='ltr'><strong>quaedam.</strong></span> <span class='ocrx_word' id='word_1_502' title='bbox 3432 2815 3623 2884; x_wconf 89' lang='lat' dir='ltr'><strong>Capite</strong></span> <span class='ocrx_word' id='word_1_503' title='bbox 3671 2831 3686 2867; x_wconf 70' lang='grc' dir='ltr'>ε</span> 
     </span>
    </p>
   </div>
   <div class='ocr_carea' id='block_1_72' title="bbox 2260 2898 3683 2973">
    <p class='ocr_par' dir='ltr' id='par_1_72' title="bbox 2260 2898 3683 2973">
     <span class='ocr_line' id='line_1_72' title="bbox 2260 2898 3683 2973; baseline 0.004 -21"><span class='ocrx_word' id='word_1_504' title='bbox 2260 2915 2376 2962; x_wconf 72' lang='lat' dir='ltr'><strong>Vit,</strong></span> <span class='ocrx_word' id='word_1_505' title='bbox 2433 2914 2572 2953; x_wconf 91' lang='lat' dir='ltr'><strong>vers.</strong></span> <span class='ocrx_word' id='word_1_506' title='bbox 2625 2898 2724 2959; x_wconf 77' lang='grc'><strong>25.</strong></span> <span class='ocrx_word' id='word_1_507' title='bbox 2779 2899 3095 2955; x_wconf 87' lang='lat' dir='ltr'><strong>clausulam</strong></span> <span class='ocrx_word' id='word_1_508' title='bbox 3160 2918 3231 2956; x_wconf 80' lang='lat' dir='ltr'><strong>ex</strong></span> <span class='ocrx_word' id='word_1_509' title='bbox 3301 2904 3503 2973; x_wconf 88' lang='lat' dir='ltr'><strong>Aquila</strong></span> <span class='ocrx_word' id='word_1_510' title='bbox 3548 2905 3601 2957; x_wconf 88' lang='lat' dir='ltr'><strong>in</strong></span> <span class='ocrx_word' id='word_1_511' title='bbox 3655 2920 3683 2957; x_wconf 94' lang='lat' dir='ltr'><strong>e</strong></span> 
     </span>
    </p>
   </div>
   <div class='ocr_carea' id='block_1_73' title="bbox 2261 2987 3684 3061">
    <p class='ocr_par' dir='ltr' id='par_1_73' title="bbox 2261 2987 3684 3061">
     <span class='ocr_line' id='line_1_73' title="bbox 2261 2987 3684 3061; baseline 0.002 -18"><span class='ocrx_word' id='word_1_512' title='bbox 2261 3005 2383 3045; x_wconf 89' lang='lat' dir='ltr'><strong>nem</strong></span> <span class='ocrx_word' id='word_1_513' title='bbox 2407 2988 2514 3042; x_wconf 87' lang='grc' dir='ltr'><strong>τῶν</strong></span> <span class='ocrx_word' id='word_1_514' title='bbox 2552 2987 2607 3041; x_wconf 89' lang='lat'><strong>0&#39;</strong></span> <span class='ocrx_word' id='word_1_515' title='bbox 2634 2988 2903 3043; x_wconf 82' lang='lat' dir='ltr'><strong>invectam</strong></span> <span class='ocrx_word' id='word_1_516' title='bbox 2935 2992 3437 3061; x_wconf 87' lang='lat' dir='ltr'><strong>deprehendimus,</strong></span> <span class='ocrx_word' id='word_1_517' title='bbox 3462 3004 3523 3048; x_wconf 89' lang='lat' dir='ltr'><strong>ut</strong></span> <span class='ocrx_word' id='word_1_518' title='bbox 3570 2995 3684 3048; x_wconf 84' lang='lat' dir='ltr'><strong>vide</strong></span> 
     </span>
    </p>
   </div>
   <div class='ocr_carea' id='block_1_74' title="bbox 2260 3078 3683 3149">
    <p class='ocr_par' dir='ltr' id='par_1_74' title="bbox 2260 3078 3683 3149">
     <span class='ocr_line' id='line_1_74' title="bbox 2260 3078 3683 3149; baseline 0.001 -13"><span class='ocrx_word' id='word_1_519' title='bbox 2260 3089 2386 3136; x_wconf 89' lang='lat' dir='ltr'><strong>nota</strong></span> <span class='ocrx_word' id='word_1_520' title='bbox 2416 3080 2630 3135; x_wconf 91' lang='lat' dir='ltr'><strong>ibidem.</strong></span> <span class='ocrx_word' id='word_1_521' title='bbox 2659 3078 2841 3134; x_wconf 83' lang='lat' dir='ltr'><strong>Exhis</strong></span> <span class='ocrx_word' id='word_1_522' title='bbox 2885 3097 3058 3149; x_wconf 88' lang='lat' dir='ltr'><strong>porro</strong></span> <span class='ocrx_word' id='word_1_523' title='bbox 3099 3086 3506 3141; x_wconf 90' lang='lat' dir='ltr'><strong>mutationibus</strong></span> <span class='ocrx_word' id='word_1_524' title='bbox 3557 3101 3683 3140; x_wconf 77' lang='lat' dir='ltr'><strong>even</strong></span> 
     </span>
    </p>
   </div>
   <div class='ocr_carea' id='block_1_75' title="bbox 2264 3168 3679 3244">
    <p class='ocr_par' dir='ltr' id='par_1_75' title="bbox 2264 3168 3679 3244">
     <span class='ocr_line' id='line_1_75' title="bbox 2264 3168 3679 3244; baseline 0.001 -18"><span class='ocrx_word' id='word_1_525' title='bbox 2264 3172 2425 3226; x_wconf 88' lang='lat' dir='ltr'><strong>editio</strong></span> <span class='ocrx_word' id='word_1_526' title='bbox 2453 3168 2589 3222; x_wconf 83' lang='lat' dir='ltr'><strong>LXX</strong></span> <span class='ocrx_word' id='word_1_527' title='bbox 2641 3169 3002 3238; x_wconf 87' lang='lat' dir='ltr'><strong>interpretum</strong></span> <span class='ocrx_word' id='word_1_528' title='bbox 3059 3189 3201 3242; x_wconf 91' lang='lat' dir='ltr'><strong>pura</strong></span> <span class='ocrx_word' id='word_1_529' title='bbox 3235 3185 3290 3229; x_wconf 91' lang='lat' dir='ltr'><strong>et</strong></span> <span class='ocrx_word' id='word_1_530' title='bbox 3337 3176 3517 3244; x_wconf 89' lang='lat' dir='ltr'><strong>qualis</strong></span> <span class='ocrx_word' id='word_1_531' title='bbox 3567 3185 3679 3229; x_wconf 87' lang='lat' dir='ltr'><strong>erat</strong></span> 
     </span>
    </p>
   </div>
   <div class='ocr_carea' id='block_1_76' title="bbox 2262 3258 3649 3330">
    <p class='ocr_par' dir='ltr' id='par_1_76' title="bbox 2262 3258 3649 3330">
     <span class='ocr_line' id='line_1_76' title="bbox 2262 3258 3649 3330; baseline 0.003 -16"><span class='ocrx_word' id='word_1_532' title='bbox 2262 3258 2783 3330; x_wconf 79' lang='lat' dir='ltr'><strong>Origenem,frustra</strong></span> <span class='ocrx_word' id='word_1_533' title='bbox 2805 3271 3095 3328; x_wconf 81' lang='lat' dir='ltr'><strong>quaeratur</strong></span> <span class='ocrx_word' id='word_1_534' title='bbox 3118 3265 3306 3319; x_wconf 89' lang='lat' dir='ltr'><strong>hodie.</strong></span> <span class='ocrx_word' id='word_1_535' title='bbox 3352 3264 3491 3321; x_wconf 84' lang='lat' dir='ltr'><strong>Hinc</strong></span> <span class='ocrx_word' id='word_1_536' title='bbox 3524 3266 3649 3320; x_wconf 89' lang='lat' dir='ltr'><strong>item</strong></span> 
     </span>
    </p>
   </div>
   <div class='ocr_carea' id='block_1_77' title="bbox 2261 3347 3684 3425">
    <p class='ocr_par' dir='ltr' id='par_1_77' title="bbox 2261 3347 3684 3425">
     <span class='ocr_line' id='line_1_77' title="bbox 2261 3347 3684 3425; baseline 0.001 -21"><span class='ocrx_word' id='word_1_537' title='bbox 2261 3350 2339 3405; x_wconf 90' lang='lat' dir='ltr'><strong>dit</strong></span> <span class='ocrx_word' id='word_1_538' title='bbox 2373 3358 2430 3403; x_wconf 91' lang='lat' dir='ltr'><strong>ut</strong></span> <span class='ocrx_word' id='word_1_539' title='bbox 2446 3348 2650 3402; x_wconf 89' lang='lat' dir='ltr'><strong>librarii</strong></span> <span class='ocrx_word' id='word_1_540' title='bbox 2677 3347 2804 3402; x_wconf 88' lang='lat' dir='ltr'><strong>dum</strong></span> <span class='ocrx_word' id='word_1_541' title='bbox 2828 3353 3173 3420; x_wconf 81' lang='lat' dir='ltr'><strong>exemplaria</strong></span> <span class='ocrx_word' id='word_1_542' title='bbox 3207 3353 3354 3407; x_wconf 72' lang='lat' dir='ltr'><strong>UXX</strong></span> <span class='ocrx_word' id='word_1_543' title='bbox 3371 3354 3684 3425; x_wconf 85' lang='lat' dir='ltr'><strong>lnterpretut</strong></span> 
     </span>
    </p>
   </div>
   <div class='ocr_carea' id='block_1_78' title="bbox 2262 3437 3688 3511">
    <p class='ocr_par' dir='ltr' id='par_1_78' title="bbox 2262 3437 3688 3511">
     <span class='ocr_line' id='line_1_78' title="bbox 2262 3437 3688 3511; baseline 0.003 -19"><span class='ocrx_word' id='word_1_544' title='bbox 2262 3439 2579 3501; x_wconf 85' lang='lat' dir='ltr'><strong>scriberent,</strong></span> <span class='ocrx_word' id='word_1_545' title='bbox 2611 3437 2744 3491; x_wconf 89' lang='lat' dir='ltr'><strong>alias</strong></span> <span class='ocrx_word' id='word_1_546' title='bbox 2772 3439 3045 3495; x_wconf 85' lang='lat' dir='ltr'><strong>lectiones</strong></span> <span class='ocrx_word' id='word_1_547' title='bbox 3068 3443 3297 3511; x_wconf 67' lang='lat' dir='ltr'><strong>praziixo</strong></span> <span class='ocrx_word' id='word_1_548' title='bbox 3327 3445 3387 3496; x_wconf 81' lang='lat'><strong>0’</strong></span> <span class='ocrx_word' id='word_1_549' title='bbox 3418 3453 3565 3509; x_wconf 91' lang='lat' dir='ltr'><strong>nota,</strong></span> <span class='ocrx_word' id='word_1_550' title='bbox 3597 3444 3688 3496; x_wconf 64' lang='lat' dir='ltr'><strong>vid.</strong></span> 
     </span>
    </p>
   </div>
   <div class='ocr_carea' id='block_1_79' title="bbox 2262 3527 3674 3601">
    <p class='ocr_par' dir='ltr' id='par_1_79' title="bbox 2262 3527 3674 3601">
     <span class='ocr_line' id='line_1_79' title="bbox 2262 3527 3674 3601; baseline 0.001 -18"><span class='ocrx_word' id='word_1_551' title='bbox 2262 3527 2400 3583; x_wconf 80' lang='lat' dir='ltr'><strong>LXX</strong></span> <span class='ocrx_word' id='word_1_552' title='bbox 2429 3527 2798 3596; x_wconf 89' lang='lat' dir='ltr'><strong>lnterpretum,</strong></span> <span class='ocrx_word' id='word_1_553' title='bbox 2827 3529 2885 3582; x_wconf 89' lang='lat' dir='ltr'><strong>in</strong></span> <span class='ocrx_word' id='word_1_554' title='bbox 2912 3533 3163 3601; x_wconf 79' lang='lat' dir='ltr'><strong>margine</strong></span> <span class='ocrx_word' id='word_1_555' title='bbox 3190 3543 3480 3600; x_wconf 83' lang='lat' dir='ltr'><strong>notarent;</strong></span> <span class='ocrx_word' id='word_1_556' title='bbox 3530 3535 3602 3588; x_wconf 90' lang='lat' dir='ltr'><strong>ita</strong></span> <span class='ocrx_word' id='word_1_557' title='bbox 3646 3549 3674 3585; x_wconf 94' lang='lat' dir='ltr'><strong>u</strong></span> 
     </span>
    </p>
   </div>
   <div class='ocr_carea' id='block_1_80' title="bbox 2263 3616 3688 3687">
    <p class='ocr_par' dir='ltr' id='par_1_80' title="bbox 2263 3616 3688 3687">
     <span class='ocr_line' id='line_1_80' title="bbox 2263 3616 3688 3687; baseline 0.001 -15"><span class='ocrx_word' id='word_1_558' title='bbox 2263 3634 2365 3673; x_wconf 89' lang='lat' dir='ltr'><strong>nus</strong></span> <span class='ocrx_word' id='word_1_559' title='bbox 2391 3618 2545 3687; x_wconf 84' lang='lat' dir='ltr'><strong>periti</strong></span> <span class='ocrx_word' id='word_1_560' title='bbox 2577 3632 2754 3672; x_wconf 89' lang='lat' dir='ltr'><strong>rerum</strong></span> <span class='ocrx_word' id='word_1_561' title='bbox 2780 3616 3108 3686; x_wconf 77' lang='lat' dir='ltr'><strong>huiusmodi</strong></span> <span class='ocrx_word' id='word_1_562' title='bbox 3132 3624 3407 3678; x_wconf 81' lang='lat' dir='ltr'><strong>mirentur</strong></span> <span class='ocrx_word' id='word_1_563' title='bbox 3450 3625 3541 3678; x_wconf 92' lang='lat' dir='ltr'><strong>ubi</strong></span> <span class='ocrx_word' id='word_1_564' title='bbox 3567 3621 3688 3677; x_wconf 71' lang='lat' dir='ltr'><strong>LXX</strong></span> 
     </span>
    </p>
   </div>
   <div class='ocr_carea' id='block_1_81' title="bbox 2262 3710 3682 3795">
    <p class='ocr_par' dir='ltr' id='par_1_81' title="bbox 2262 3710 3682 3795">
     <span class='ocr_line' id='line_1_81' title="bbox 2262 3710 3682 3795; baseline 0.002 -33"><span class='ocrx_word' id='word_1_565' title='bbox 2262 3717 2551 3777; x_wconf 86' lang='lat' dir='ltr'><strong>terpretum</strong></span> <span class='ocrx_word' id='word_1_566' title='bbox 2579 3716 2753 3761; x_wconf 81' lang='lat' dir='ltr'><strong>textus</strong></span> <span class='ocrx_word' id='word_1_567' title='bbox 2777 3710 3103 3795; x_wconf 72' lang='lat' dir='ltr'><strong>exscriptus</strong></span> <span class='ocrx_word' id='word_1_568' title='bbox 3127 3722 3233 3780; x_wconf 86' lang='lat' dir='ltr'><strong>est,</strong></span> <span class='ocrx_word' id='word_1_569' title='bbox 3258 3715 3314 3768; x_wconf 91' lang='lat' dir='ltr'><strong>in</strong></span> <span class='ocrx_word' id='word_1_570' title='bbox 3363 3715 3605 3785; x_wconf 81' lang='lat' dir='ltr'><strong>margine</strong></span> <span class='ocrx_word' id='word_1_571' title='bbox 3653 3729 3682 3765; x_wconf 91' lang='lat' dir='ltr'><strong>n</strong></span> 
     </span>
    </p>
   </div>
   <div class='ocr_carea' id='block_1_82' title="bbox 2263 3798 3300 3874">
    <p class='ocr_par' dir='ltr' id='par_1_82' title="bbox 2263 3798 3300 3874">
     <span class='ocr_line' id='line_1_82' title="bbox 2263 3798 3300 3874; baseline 0.01 -23"><span class='ocrx_word' id='word_1_572' title='bbox 2263 3798 2401 3852; x_wconf 88' lang='lat' dir='ltr'><strong>LXX</strong></span> <span class='ocrx_word' id='word_1_573' title='bbox 2427 3801 2744 3867; x_wconf 90' lang='lat' dir='ltr'><strong>lnterpretes</strong></span> <span class='ocrx_word' id='word_1_574' title='bbox 2766 3799 2871 3853; x_wconf 90' lang='lat' dir='ltr'><strong>alio</strong></span> <span class='ocrx_word' id='word_1_575' title='bbox 2910 3802 3077 3857; x_wconf 90' lang='lat' dir='ltr'><strong>modo</strong></span> <span class='ocrx_word' id='word_1_576' title='bbox 3101 3803 3300 3874; x_wconf 83' lang='lat' dir='ltr'><strong>legere.</strong></span> 
     </span>
    </p>
   </div>
   <div class='ocr_carea' id='block_1_83' title="bbox 2264 3951 3682 4031">
    <p class='ocr_par' dir='ltr' id='par_1_83' title="bbox 2264 3951 3682 4031">
     <span class='ocr_line' id='line_1_83' title="bbox 2264 3951 3682 4031; baseline -0.001 -26"><span class='ocrx_word' id='word_1_577' title='bbox 2264 3952 2350 4006; x_wconf 79' lang='lat' dir='ltr'><strong>Vl.</strong></span> <span class='ocrx_word' id='word_1_578' title='bbox 2384 3951 2906 4031; x_wconf 44' lang='lat' dir='ltr'><strong>Daptutatipnibus.</strong></span> <span class='ocrx_word' id='word_1_579' title='bbox 2941 3970 3060 4022; x_wconf 71' lang='lat' dir='ltr'><strong>quae</strong></span> <span class='ocrx_word' id='word_1_580' title='bbox 3106 3956 3171 4008; x_wconf 91' lang='lat' dir='ltr'><strong>ab</strong></span> <span class='ocrx_word' id='word_1_581' title='bbox 3216 3955 3458 4031; x_wconf 82' lang='lat' dir='ltr'><strong>Origenis</strong></span> <span class='ocrx_word' id='word_1_582' title='bbox 3511 3964 3682 4023; x_wconf 85' lang='lat' dir='ltr'><strong>tempo:</strong></span> 
     </span>
    </p>
   </div>
   <div class='ocr_carea' id='block_1_84' title="bbox 2400 4018 3668 4091">
    <p class='ocr_par' dir='ltr' id='par_1_84' title="bbox 2400 4018 3668 4091">
     <span class='ocr_line' id='line_1_84' title="bbox 2400 4018 3668 4091; baseline 0.002 -18"><span class='ocrx_word' id='word_1_583' title='bbox 2400 4020 2646 4073; x_wconf 85' lang='lat' dir='ltr'><strong>editiones</strong></span> <span class='ocrx_word' id='word_1_584' title='bbox 2692 4018 2839 4071; x_wconf 81' lang='lat' dir='ltr'><strong>LXX</strong></span> <span class='ocrx_word' id='word_1_585' title='bbox 2877 4018 3240 4091; x_wconf 82' lang='lat' dir='ltr'><strong>Inlerpretum</strong></span> <span class='ocrx_word' id='word_1_586' title='bbox 3269 4018 3499 4079; x_wconf 73' lang='lat' dir='ltr'><strong>advecta:</strong></span> <span class='ocrx_word' id='word_1_587' title='bbox 3530 4018 3668 4077; x_wconf 69' lang='lat' dir='ltr'><strong>sunt.</strong></span> 
     </span>
    </p>
   </div>
   <div class='ocr_carea' id='block_1_85' title="bbox 2332 4152 3680 4222">
    <p class='ocr_par' dir='ltr' id='par_1_85' title="bbox 2332 4152 3680 4222">
     <span class='ocr_line' id='line_1_85' title="bbox 2332 4152 3680 4222; baseline 0 -15"><span class='ocrx_word' id='word_1_588' title='bbox 2332 4153 2633 4222; x_wconf 78' lang='lat' dir='ltr'><strong>Saepissime</strong></span> <span class='ocrx_word' id='word_1_589' title='bbox 2663 4152 2847 4215; x_wconf 85' lang='lat' dir='ltr'><strong>etiam,</strong></span> <span class='ocrx_word' id='word_1_590' title='bbox 2905 4157 3208 4222; x_wconf 66' lang='lat' dir='ltr'><strong>praesertim</strong></span> <span class='ocrx_word' id='word_1_591' title='bbox 3258 4158 3397 4210; x_wconf 91' lang='lat' dir='ltr'><strong>libro</strong></span> <span class='ocrx_word' id='word_1_592' title='bbox 3447 4156 3680 4210; x_wconf 87' lang='lat' dir='ltr'><strong>Judicum</strong></span> 
     </span>
    </p>
   </div>
   <div class='ocr_carea' id='block_1_86' title="bbox 2263 4240 3677 4305">
    <p class='ocr_par' dir='ltr' id='par_1_86' title="bbox 2263 4240 3677 4305">
     <span class='ocr_line' id='line_1_86' title="bbox 2263 4240 3677 4305; baseline -0.003 -10"><span class='ocrx_word' id='word_1_593' title='bbox 2263 4242 2536 4295; x_wconf 89' lang='lat' dir='ltr'><strong>codicibus</strong></span> <span class='ocrx_word' id='word_1_594' title='bbox 2559 4240 2916 4305; x_wconf 86' lang='lat' dir='ltr'><strong>Coisliniano,</strong></span> <span class='ocrx_word' id='word_1_595' title='bbox 2935 4245 3137 4297; x_wconf 84' lang='lat' dir='ltr'><strong>unciali</strong></span> <span class='ocrx_word' id='word_1_596' title='bbox 3191 4246 3502 4299; x_wconf 88' lang='lat' dir='ltr'><strong>charactere</strong></span> <span class='ocrx_word' id='word_1_597' title='bbox 3527 4244 3677 4296; x_wconf 85' lang='lat' dir='ltr'><strong>descr</strong></span> 
     </span>
    </p>
   </div>
   <div class='ocr_carea' id='block_1_87' title="bbox 2264 4328 3677 4403">
    <p class='ocr_par' dir='ltr' id='par_1_87' title="bbox 2264 4328 3677 4403">
     <span class='ocr_line' id='line_1_87' title="bbox 2264 4328 3677 4403; baseline -0.003 -18"><span class='ocrx_word' id='word_1_598' title='bbox 2264 4339 2316 4385; x_wconf 89' lang='lat' dir='ltr'><strong>et</strong></span> <span class='ocrx_word' id='word_1_599' title='bbox 2347 4329 2644 4390; x_wconf 84' lang='lat' dir='ltr'><strong>Basilieusi,</strong></span> <span class='ocrx_word' id='word_1_600' title='bbox 2667 4328 2827 4381; x_wconf 70' lang='lat' dir='ltr'><strong>varia:</strong></span> <span class='ocrx_word' id='word_1_601' title='bbox 2848 4330 3106 4386; x_wconf 82' lang='lat' dir='ltr'><strong>lectiones</strong></span> <span class='ocrx_word' id='word_1_602' title='bbox 3144 4332 3197 4385; x_wconf 90' lang='lat' dir='ltr'><strong>in</strong></span> <span class='ocrx_word' id='word_1_603' title='bbox 3226 4334 3467 4403; x_wconf 83' lang='lat' dir='ltr'><strong>margine</strong></span> <span class='ocrx_word' id='word_1_604' title='bbox 3504 4331 3677 4385; x_wconf 89' lang='lat' dir='ltr'><strong>scribu</strong></span> 
     </span>
    </p>
   </div>
   <div class='ocr_carea' id='block_1_88' title="bbox 2262 4417 3663 4485">
    <p class='ocr_par' dir='ltr' id='par_1_88' title="bbox 2262 4417 3663 4485">
     <span class='ocr_line' id='line_1_88' title="bbox 2262 4417 3663 4485; baseline -0.002 -12"><span class='ocrx_word' id='word_1_605' title='bbox 2262 4434 2383 4473; x_wconf 90' lang='lat' dir='ltr'><strong>cum</strong></span> <span class='ocrx_word' id='word_1_606' title='bbox 2409 4426 2531 4471; x_wconf 87' lang='lat' dir='ltr'><strong>nota</strong></span> <span class='ocrx_word' id='word_1_607' title='bbox 2556 4417 2691 4479; x_wconf 78' lang='lat'><strong>0&#39;9,</strong></span> <span class='ocrx_word' id='word_1_608' title='bbox 2723 4418 2849 4485; x_wconf 86' lang='lat' dir='ltr'><strong>quia</strong></span> <span class='ocrx_word' id='word_1_609' title='bbox 2875 4421 3081 4474; x_wconf 86' lang='lat' dir='ltr'><strong>scilicet</strong></span> <span class='ocrx_word' id='word_1_610' title='bbox 3110 4437 3177 4475; x_wconf 79' lang='lat' dir='ltr'><strong>ex</strong></span> <span class='ocrx_word' id='word_1_611' title='bbox 3209 4420 3571 4475; x_wconf 89' lang='lat' dir='ltr'><strong>Theodotione</strong></span> <span class='ocrx_word' id='word_1_612' title='bbox 3613 4420 3663 4471; x_wconf 92' lang='lat' dir='ltr'><strong>in</strong></span> 
     </span>
    </p>
   </div>
   <div class='ocr_carea' id='block_1_89' title="bbox 637 4505 3676 4585">
    <p class='ocr_par' dir='ltr' id='par_1_89' title="bbox 637 4505 3676 4585">
     <span class='ocr_line' id='line_1_89' title="bbox 637 4505 3676 4585; baseline -0.008 -13"><span class='ocrx_word' id='word_1_613' title='bbox 637 4520 808 4577; x_wconf 85' lang='lat' dir='ltr'><strong>uibus,</strong></span> <span class='ocrx_word' id='word_1_614' title='bbox 838 4522 1129 4567; x_wconf 74' lang='lat' dir='ltr'><strong>utceterum</strong></span> <span class='ocrx_word' id='word_1_615' title='bbox 1161 4520 1206 4561; x_wconf 86' lang='lat' dir='ltr'><strong>te</strong></span> <span class='ocrx_word' id='word_1_616' title='bbox 1221 4510 1474 4577; x_wconf 79' lang='lat' dir='ltr'><strong>fautorem</strong></span> <span class='ocrx_word' id='word_1_617' title='bbox 1494 4506 1692 4575; x_wconf 87' lang='lat' dir='ltr'><strong>probes.</strong></span> <span class='ocrx_word' id='word_1_618' title='bbox 1717 4505 1865 4570; x_wconf 82' lang='lat' dir='ltr'><strong>Quod</strong></span> <span class='ocrx_word' id='word_1_619' title='bbox 1894 4510 1936 4557; x_wconf 86' lang='lat' dir='ltr'><strong>si</strong></span> <span class='ocrx_word' id='word_1_620' title='bbox 1960 4507 2162 4573; x_wconf 74' lang='lat' dir='ltr'><strong>feceris,</strong></span> <span class='ocrx_word' id='word_1_621' title='bbox 2200 4532 2242 4585; x_wconf 75' lang='grc' dir='ltr'><strong>ι)</strong></span> <span class='ocrx_word' id='word_1_622' title='bbox 2267 4509 2464 4560; x_wconf 86' lang='lat' dir='ltr'><strong>tionem</strong></span> <span class='ocrx_word' id='word_1_623' title='bbox 2520 4506 2624 4563; x_wconf 81' lang='grc' dir='ltr'><strong>τῶν</strong></span> <span class='ocrx_word' id='word_1_624' title='bbox 2649 4508 2702 4557; x_wconf 89' lang='lat'><strong>0&#39;</strong></span> <span class='ocrx_word' id='word_1_625' title='bbox 2733 4522 2854 4559; x_wconf 91' lang='lat' dir='ltr'><strong>cum</strong></span> <span class='ocrx_word' id='word_1_626' title='bbox 2880 4509 3159 4562; x_wconf 87' lang='lat' dir='ltr'><strong>asteriscis</strong></span> <span class='ocrx_word' id='word_1_627' title='bbox 3193 4510 3261 4562; x_wconf 88' lang='lat' dir='ltr'><strong>ab</strong></span> <span class='ocrx_word' id='word_1_628' title='bbox 3309 4506 3537 4577; x_wconf 83' lang='lat' dir='ltr'><strong>Origene</strong></span> <span class='ocrx_word' id='word_1_629' title='bbox 3566 4506 3676 4558; x_wconf 74' lang='lat' dir='ltr'><strong>.inv</strong></span> 
     </span>
    </p>
   </div>
   <div class='ocr_carea' id='block_1_90' title="bbox 638 4596 2162 4664">
    <p class='ocr_par' dir='ltr' id='par_1_90' title="bbox 638 4596 2162 4664">
     <span class='ocr_line' id='line_1_90' title="bbox 638 4596 2162 4664; baseline -0.008 -3"><span class='ocrx_word' id='word_1_630' title='bbox 638 4609 865 4661; x_wconf 89' lang='lat' dir='ltr'><strong>omnium</strong></span> <span class='ocrx_word' id='word_1_631' title='bbox 905 4601 1247 4656; x_wconf 79' lang='lat' dir='ltr'><strong>Ecclesiarum</strong></span> <span class='ocrx_word' id='word_1_632' title='bbox 1277 4597 1609 4650; x_wconf 80' lang='lat' dir='ltr'><strong>bibliothecas</strong></span> <span class='ocrx_word' id='word_1_633' title='bbox 1667 4596 1914 4647; x_wconf 87' lang='lat' dir='ltr'><strong>damnare</strong></span> <span class='ocrx_word' id='word_1_634' title='bbox 1948 4598 2162 4664; x_wconf 87' lang='lat' dir='ltr'><strong>cogeris.</strong></span> 
     </span>
    </p>
   </div>
   <div class='ocr_carea' id='block_1_91' title="bbox 647 4684 2167 4753">
    <p class='ocr_par' dir='ltr' id='par_1_91' title="bbox 647 4684 2167 4753">
     <span class='ocr_line' id='line_1_91' title="bbox 647 4684 2167 4753; baseline -0.009 -3"><span class='ocrx_word' id='word_1_635' title='bbox 647 4693 749 4749; x_wconf 77' lang='lat' dir='ltr'><strong>Via:</strong></span> <span class='ocrx_word' id='word_1_636' title='bbox 774 4694 910 4748; x_wconf 85' lang='lat' dir='ltr'><strong>enim</strong></span> <span class='ocrx_word' id='word_1_637' title='bbox 942 4707 1075 4744; x_wconf 85' lang='lat' dir='ltr'><strong>unus</strong></span> <span class='ocrx_word' id='word_1_638' title='bbox 1097 4695 1188 4740; x_wconf 87' lang='lat' dir='ltr'><strong>aut</strong></span> <span class='ocrx_word' id='word_1_639' title='bbox 1207 4686 1340 4738; x_wconf 90' lang='lat' dir='ltr'><strong>alter</strong></span> <span class='ocrx_word' id='word_1_640' title='bbox 1377 4686 1664 4738; x_wconf 83' lang='lat' dir='ltr'><strong>inveniatur</strong></span> <span class='ocrx_word' id='word_1_641' title='bbox 1685 4684 1814 4737; x_wconf 87' lang='lat' dir='ltr'><strong>liber</strong></span> <span class='ocrx_word' id='word_1_642' title='bbox 1832 4685 1919 4753; x_wconf 85' lang='lat' dir='ltr'><strong>qui</strong></span> <span class='ocrx_word' id='word_1_643' title='bbox 1944 4685 2045 4736; x_wconf 90' lang='lat' dir='ltr'><strong>ista</strong></span> <span class='ocrx_word' id='word_1_644' title='bbox 2067 4700 2167 4736; x_wconf 86' lang='lat' dir='ltr'><strong>non</strong></span> 
     </span>
    </p>
   </div>
   <div class='ocr_carea' id='block_1_92' title="bbox 639 4770 2168 4842">
    <p class='ocr_par' dir='ltr' id='par_1_92' title="bbox 639 4770 2168 4842">
     <span class='ocr_line' id='line_1_92' title="bbox 639 4770 2168 4842; baseline -0.009 -5"><span class='ocrx_word' id='word_1_645' title='bbox 639 4783 842 4837; x_wconf 72' lang='lat' dir='ltr'><strong>habeat.</strong></span> <span class='ocrx_word' id='word_1_646' title='bbox 866 4780 1000 4833; x_wconf 82' lang='lat' dir='ltr'><strong>Hinc</strong></span> <span class='ocrx_word' id='word_1_647' title='bbox 1020 4776 1305 4830; x_wconf 85' lang='lat' dir='ltr'><strong>ediscimus</strong></span> <span class='ocrx_word' id='word_1_648' title='bbox 1333 4773 1442 4842; x_wconf 87' lang='lat' dir='ltr'><strong>jam</strong></span> <span class='ocrx_word' id='word_1_649' title='bbox 1479 4787 1590 4825; x_wconf 71' lang='lat' dir='ltr'><strong>aevo</strong></span> <span class='ocrx_word' id='word_1_650' title='bbox 1637 4770 1942 4841; x_wconf 82' lang='lat' dir='ltr'><strong>llierouymi</strong></span> <span class='ocrx_word' id='word_1_651' title='bbox 1994 4786 2168 4824; x_wconf 82' lang='lat' dir='ltr'><strong>exem-</strong></span> 
     </span>
    </p>
   </div>
   <div class='ocr_carea' id='block_1_93' title="bbox 639 4860 2169 4942">
    <p class='ocr_par' dir='ltr' id='par_1_93' title="bbox 639 4860 2169 4942">
     <span class='ocr_line' id='line_1_93' title="bbox 639 4860 2169 4942; baseline -0.008 -16"><span class='ocrx_word' id='word_1_652' title='bbox 639 4874 804 4942; x_wconf 78' lang='lat' dir='ltr'><strong>plaria</strong></span> <span class='ocrx_word' id='word_1_653' title='bbox 827 4869 963 4924; x_wconf 86' lang='lat' dir='ltr'><strong>LXX</strong></span> <span class='ocrx_word' id='word_1_654' title='bbox 1004 4867 1353 4934; x_wconf 82' lang='lat' dir='ltr'><strong>interpretum</strong></span> <span class='ocrx_word' id='word_1_655' title='bbox 1403 4862 1681 4915; x_wconf 87' lang='lat' dir='ltr'><strong>innumera</strong></span> <span class='ocrx_word' id='word_1_656' title='bbox 1723 4870 1777 4915; x_wconf 91' lang='lat' dir='ltr'><strong>et</strong></span> <span class='ocrx_word' id='word_1_657' title='bbox 1805 4860 2075 4914; x_wconf 90' lang='lat' dir='ltr'><strong>asteriscis</strong></span> <span class='ocrx_word' id='word_1_658' title='bbox 2117 4869 2169 4914; x_wconf 90' lang='lat' dir='ltr'><strong>et</strong></span> 
     </span>
    </p>
   </div>
   <div class='ocr_carea' id='block_1_94' title="bbox 639 4948 2169 5023">
    <p class='ocr_par' dir='ltr' id='par_1_94' title="bbox 639 4948 2169 5023">
     <span class='ocr_line' id='line_1_94' title="bbox 639 4948 2169 5023; baseline -0.009 -8"><span class='ocrx_word' id='word_1_659' title='bbox 639 4961 808 5015; x_wconf 81' lang='lat' dir='ltr'><strong>Chelis</strong></span> <span class='ocrx_word' id='word_1_660' title='bbox 823 4969 1013 5014; x_wconf 90' lang='lat' dir='ltr'><strong>onusta</strong></span> <span class='ocrx_word' id='word_1_661' title='bbox 1043 4956 1208 5011; x_wconf 81' lang='lat' dir='ltr'><strong>fuisse</strong></span> <span class='ocrx_word' id='word_1_662' title='bbox 1242 4971 1254 5006; x_wconf 91' lang='lat'>:</span> <span class='ocrx_word' id='word_1_663' title='bbox 1280 4969 1398 5023; x_wconf 69' lang='lat' dir='ltr'><strong>qua:</strong></span> <span class='ocrx_word' id='word_1_664' title='bbox 1417 4951 1748 5021; x_wconf 79' lang='lat' dir='ltr'><strong>Origeniante</strong></span> <span class='ocrx_word' id='word_1_665' title='bbox 1773 4958 1908 5001; x_wconf 73' lang='lat' dir='ltr'><strong>notae</strong></span> <span class='ocrx_word' id='word_1_666' title='bbox 1930 4948 1981 5001; x_wconf 92' lang='lat' dir='ltr'><strong>in</strong></span> <span class='ocrx_word' id='word_1_667' title='bbox 2004 4950 2169 5017; x_wconf 90' lang='lat' dir='ltr'><strong>pluri-</strong></span> 
     </span>
    </p>
   </div>
   <div class='ocr_carea' id='block_1_95' title="bbox 642 5038 2150 5116">
    <p class='ocr_par' dir='ltr' id='par_1_95' title="bbox 642 5038 2150 5116">
     <span class='ocr_line' id='line_1_95' title="bbox 642 5038 2150 5116; baseline -0.007 -12"><span class='ocrx_word' id='word_1_668' title='bbox 642 5050 746 5105; x_wconf 88' lang='lat' dir='ltr'><strong>mis</strong></span> <span class='ocrx_word' id='word_1_669' title='bbox 775 5047 1166 5116; x_wconf 79' lang='lat' dir='ltr'><strong>exemplaribus</strong></span> <span class='ocrx_word' id='word_1_670' title='bbox 1196 5043 1575 5112; x_wconf 86' lang='lat' dir='ltr'><strong>manuscriptis</strong></span> <span class='ocrx_word' id='word_1_671' title='bbox 1595 5040 1792 5095; x_wconf 71' lang='lat' dir='ltr'><strong>Graecis</strong></span> <span class='ocrx_word' id='word_1_672' title='bbox 1812 5039 1934 5092; x_wconf 89' lang='lat' dir='ltr'><strong>hinc</strong></span> <span class='ocrx_word' id='word_1_673' title='bbox 1961 5038 2150 5094; x_wconf 90' lang='lat' dir='ltr'><strong>etinde</strong></span> 
     </span>
    </p>
   </div>
   <div class='ocr_carea' id='block_1_96' title="bbox 639 5126 2169 5210">
    <p class='ocr_par' dir='ltr' id='par_1_96' title="bbox 639 5126 2169 5210">
     <span class='ocr_line' id='line_1_96' title="bbox 639 5126 2169 5210; baseline -0.008 -19"><span class='ocrx_word' id='word_1_674' title='bbox 639 5152 842 5210; x_wconf 74' lang='lat' dir='ltr'><strong>sparsae</strong></span> <span class='ocrx_word' id='word_1_675' title='bbox 875 5135 1134 5203; x_wconf 86' lang='lat' dir='ltr'><strong>hodieque</strong></span> <span class='ocrx_word' id='word_1_676' title='bbox 1178 5136 1560 5197; x_wconf 87' lang='lat' dir='ltr'><strong>observantur;</strong></span> <span class='ocrx_word' id='word_1_677' title='bbox 1607 5132 1712 5185; x_wconf 92' lang='lat' dir='ltr'><strong>imo</strong></span> <span class='ocrx_word' id='word_1_678' title='bbox 1739 5129 1897 5183; x_wconf 88' lang='lat' dir='ltr'><strong>etiam</strong></span> <span class='ocrx_word' id='word_1_679' title='bbox 1931 5126 1983 5179; x_wconf 91' lang='lat' dir='ltr'><strong>in</strong></span> <span class='ocrx_word' id='word_1_680' title='bbox 2034 5142 2169 5181; x_wconf 92' lang='lat' dir='ltr'><strong>non-</strong></span> 
     </span>
    </p>
   </div>
   <div class='ocr_carea' id='block_1_97' title="bbox 642 5215 2163 5285">
    <p class='ocr_par' dir='ltr' id='par_1_97' title="bbox 642 5215 2163 5285">
     <span class='ocr_line' id='line_1_97' title="bbox 642 5215 2163 5285; baseline -0.009 -1"><span class='ocrx_word' id='word_1_681' title='bbox 642 5228 803 5284; x_wconf 90' lang='lat' dir='ltr'><strong>nullis</strong></span> <span class='ocrx_word' id='word_1_682' title='bbox 830 5224 1053 5285; x_wconf 88' lang='lat' dir='ltr'><strong>Latinis,</strong></span> <span class='ocrx_word' id='word_1_683' title='bbox 1083 5226 1314 5278; x_wconf 74' lang='lat' dir='ltr'><strong>maxime</strong></span> <span class='ocrx_word' id='word_1_684' title='bbox 1347 5225 1402 5278; x_wconf 92' lang='lat' dir='ltr'><strong>in</strong></span> <span class='ocrx_word' id='word_1_685' title='bbox 1434 5222 1582 5276; x_wconf 88' lang='lat' dir='ltr'><strong>libris</strong></span> <span class='ocrx_word' id='word_1_686' title='bbox 1610 5219 1711 5274; x_wconf 82' lang='lat' dir='ltr'><strong>Job</strong></span> <span class='ocrx_word' id='word_1_687' title='bbox 1739 5228 1791 5272; x_wconf 92' lang='lat' dir='ltr'><strong>et</strong></span> <span class='ocrx_word' id='word_1_688' title='bbox 1809 5215 2163 5270; x_wconf 86' lang='lat' dir='ltr'><strong>Psalmorum.</strong></span> 
     </span>
    </p>
   </div>
   <div class='ocr_carea' id='block_1_98' title="bbox 641 5305 2168 5382">
    <p class='ocr_par' dir='ltr' id='par_1_98' title="bbox 641 5305 2168 5382">
     <span class='ocr_line' id='line_1_98' title="bbox 641 5305 2168 5382; baseline -0.01 -7"><span class='ocrx_word' id='word_1_689' title='bbox 641 5319 719 5376; x_wconf 80' lang='lat' dir='ltr'><strong>Ex</strong></span> <span class='ocrx_word' id='word_1_690' title='bbox 732 5316 964 5371; x_wconf 89' lang='lat' dir='ltr'><strong>editione</strong></span> <span class='ocrx_word' id='word_1_691' title='bbox 974 5314 1060 5368; x_wconf 90' lang='lat' dir='ltr'><strong>illa</strong></span> <span class='ocrx_word' id='word_1_692' title='bbox 1076 5313 1344 5382; x_wconf 75' lang='lat' dir='ltr'><strong>hexaplari</strong></span> <span class='ocrx_word' id='word_1_693' title='bbox 1358 5314 1523 5368; x_wconf 90' lang='lat' dir='ltr'><strong>multa</strong></span> <span class='ocrx_word' id='word_1_694' title='bbox 1543 5313 1595 5365; x_wconf 93' lang='lat' dir='ltr'><strong>in</strong></span> <span class='ocrx_word' id='word_1_695' title='bbox 1615 5310 1898 5365; x_wconf 88' lang='lat' dir='ltr'><strong>hodieruas</strong></span> <span class='ocrx_word' id='word_1_696' title='bbox 1910 5305 2168 5360; x_wconf 89' lang='lat' dir='ltr'><strong>editiones</strong></span> 
     </span>
    </p>
   </div>
   <div class='ocr_carea' id='block_1_99' title="bbox 640 5392 2169 5469">
    <p class='ocr_par' dir='ltr' id='par_1_99' title="bbox 640 5392 2169 5469">
     <span class='ocr_line' id='line_1_99' title="bbox 640 5392 2169 5469; baseline -0.013 -5"><span class='ocrx_word' id='word_1_697' title='bbox 640 5404 953 5465; x_wconf 85' lang='lat' dir='ltr'><strong>transmissa</strong></span> <span class='ocrx_word' id='word_1_698' title='bbox 999 5400 1478 5469; x_wconf 87' lang='lat' dir='ltr'><strong>deprehenduntur.</strong></span> <span class='ocrx_word' id='word_1_699' title='bbox 1509 5399 1617 5455; x_wconf 82' lang='lat' dir='ltr'><strong>Nec</strong></span> <span class='ocrx_word' id='word_1_700' title='bbox 1647 5401 1836 5467; x_wconf 92' lang='lat' dir='ltr'><strong>loquor</strong></span> <span class='ocrx_word' id='word_1_701' title='bbox 1865 5403 2067 5447; x_wconf 90' lang='lat' dir='ltr'><strong>tantum</strong></span> <span class='ocrx_word' id='word_1_702' title='bbox 2103 5392 2169 5446; x_wconf 92' lang='lat' dir='ltr'><strong>de</strong></span> 
     </span>
    </p>
   </div>
   <div class='ocr_carea' id='block_1_100' title="bbox 639 5479 2167 5553">
    <p class='ocr_par' dir='ltr' id='par_1_100' title="bbox 639 5479 2167 5553">
     <span class='ocr_line' id='line_1_100' title="bbox 639 5479 2167 5553; baseline -0.01 -5"><span class='ocrx_word' id='word_1_703' title='bbox 639 5488 998 5548; x_wconf 82' lang='lat' dir='ltr'><strong>Alexandrino</strong></span> <span class='ocrx_word' id='word_1_704' title='bbox 1018 5485 1218 5550; x_wconf 86' lang='lat' dir='ltr'><strong>codice,</strong></span> <span class='ocrx_word' id='word_1_705' title='bbox 1241 5486 1331 5553; x_wconf 89' lang='lat' dir='ltr'><strong>qui</strong></span> <span class='ocrx_word' id='word_1_706' title='bbox 1359 5488 1642 5541; x_wconf 88' lang='lat' dir='ltr'><strong>editionem</strong></span> <span class='ocrx_word' id='word_1_707' title='bbox 1664 5487 1805 5539; x_wconf 88' lang='lat' dir='ltr'><strong>illam</strong></span> <span class='ocrx_word' id='word_1_708' title='bbox 1828 5479 2167 5548; x_wconf 81' lang='lat' dir='ltr'><strong>hexaplarem</strong></span> 
     </span>
    </p>
   </div>
   <div class='ocr_carea' id='block_1_101' title="bbox 643 5570 2168 5655">
    <p class='ocr_par' dir='ltr' id='par_1_101' title="bbox 643 5570 2168 5655">
     <span class='ocr_line' id='line_1_101' title="bbox 643 5570 2168 5655; baseline -0.009 -16"><span class='ocrx_word' id='word_1_709' title='bbox 643 5600 775 5655; x_wconf 89' lang='lat' dir='ltr'><strong>pene</strong></span> <span class='ocrx_word' id='word_1_710' title='bbox 805 5582 1064 5651; x_wconf 81' lang='lat' dir='ltr'><strong>sequitur,</strong></span> <span class='ocrx_word' id='word_1_711' title='bbox 1096 5586 1153 5632; x_wconf 92' lang='lat' dir='ltr'><strong>ut</strong></span> <span class='ocrx_word' id='word_1_712' title='bbox 1179 5580 1357 5633; x_wconf 86' lang='lat' dir='ltr'><strong>videre</strong></span> <span class='ocrx_word' id='word_1_713' title='bbox 1383 5591 1464 5633; x_wconf 90' lang='lat' dir='ltr'><strong>est</strong></span> <span class='ocrx_word' id='word_1_714' title='bbox 1496 5580 1785 5648; x_wconf 61' lang='lat' dir='ltr'><strong>prasertim</strong></span> <span class='ocrx_word' id='word_1_715' title='bbox 1831 5576 1884 5629; x_wconf 91' lang='lat' dir='ltr'><strong>in</strong></span> <span class='ocrx_word' id='word_1_716' title='bbox 1919 5573 2054 5627; x_wconf 88' lang='lat' dir='ltr'><strong>libro</strong></span> <span class='ocrx_word' id='word_1_717' title='bbox 2075 5570 2168 5625; x_wconf 81' lang='lat' dir='ltr'><strong>Ju-</strong></span> 
     </span>
    </p>
   </div>
   <div class='ocr_carea' id='block_1_102' title="bbox 641 5662 2166 5737">
    <p class='ocr_par' dir='ltr' id='par_1_102' title="bbox 641 5662 2166 5737">
     <span class='ocr_line' id='line_1_102' title="bbox 641 5662 2166 5737; baseline -0.01 -6"><span class='ocrx_word' id='word_1_718' title='bbox 641 5677 860 5736; x_wconf 89' lang='lat' dir='ltr'><strong>dicum;</strong></span> <span class='ocrx_word' id='word_1_719' title='bbox 893 5685 991 5723; x_wconf 88' lang='lat' dir='ltr'><strong>nec</strong></span> <span class='ocrx_word' id='word_1_720' title='bbox 1017 5669 1082 5723; x_wconf 92' lang='lat' dir='ltr'><strong>de</strong></span> <span class='ocrx_word' id='word_1_721' title='bbox 1117 5669 1346 5722; x_wconf 88' lang='lat' dir='ltr'><strong>editione</strong></span> <span class='ocrx_word' id='word_1_722' title='bbox 1389 5668 1768 5737; x_wconf 87' lang='lat' dir='ltr'><strong>Complutensi,</strong></span> <span class='ocrx_word' id='word_1_723' title='bbox 1802 5666 1891 5719; x_wconf 90' lang='lat' dir='ltr'><strong>ubi</strong></span> <span class='ocrx_word' id='word_1_724' title='bbox 1940 5662 2166 5718; x_wconf 88' lang='lat' dir='ltr'><strong>aliorum</strong></span> 
     </span>
    </p>
   </div>
   <div class='ocr_carea' id='block_1_103' title="bbox 641 5756 2167 5830">
    <p class='ocr_par' dir='ltr' id='par_1_103' title="bbox 641 5756 2167 5830">
     <span class='ocr_line' id='line_1_103' title="bbox 641 5756 2167 5830; baseline -0.007 -11"><span class='ocrx_word' id='word_1_725' title='bbox 641 5766 985 5830; x_wconf 71' lang='lat' dir='ltr'><strong>itttcrptvtutu</strong></span> <span class='ocrx_word' id='word_1_726' title='bbox 1021 5760 1289 5822; x_wconf 75' lang='lat' dir='ltr'><strong>lectiones,</strong></span> <span class='ocrx_word' id='word_1_727' title='bbox 1327 5758 1657 5826; x_wconf 78' lang='lat' dir='ltr'><strong>maximeque</strong></span> <span class='ocrx_word' id='word_1_728' title='bbox 1688 5756 2013 5825; x_wconf 76' lang='lat' dir='ltr'><strong>Symmachi,</strong></span> <span class='ocrx_word' id='word_1_729' title='bbox 2042 5767 2167 5819; x_wconf 79' lang='lat' dir='ltr'><strong>pas-</strong></span> 
     </span>
    </p>
   </div>
   <div class='ocr_carea' id='block_1_104' title="bbox 2266 4592 3680 4659">
    <p class='ocr_par' dir='ltr' id='par_1_104' title="bbox 2266 4592 3680 4659">
     <span class='ocr_line' id='line_1_104' title="bbox 2266 4592 3680 4659; baseline -0.004 -9"><span class='ocrx_word' id='word_1_730' title='bbox 2266 4596 2494 4650; x_wconf 79' lang='lat' dir='ltr'><strong>fueraut.</strong></span> <span class='ocrx_word' id='word_1_731' title='bbox 2519 4594 2627 4648; x_wconf 90' lang='lat' dir='ltr'><strong>lmo</strong></span> <span class='ocrx_word' id='word_1_732' title='bbox 2661 4596 2820 4649; x_wconf 87' lang='lat' dir='ltr'><strong>etiam</strong></span> <span class='ocrx_word' id='word_1_733' title='bbox 2847 4596 2986 4651; x_wconf 91' lang='lat' dir='ltr'><strong>libro</strong></span> <span class='ocrx_word' id='word_1_734' title='bbox 3012 4595 3263 4651; x_wconf 69' lang='lat' dir='ltr'><strong>Iudicum</strong></span> <span class='ocrx_word' id='word_1_735' title='bbox 3306 4614 3379 4659; x_wconf 75' lang='lat' dir='ltr'><strong>v1,</strong></span> <span class='ocrx_word' id='word_1_736' title='bbox 3418 4597 3471 4658; x_wconf 90' lang='lat'><strong>8,</strong></span> <span class='ocrx_word' id='word_1_737' title='bbox 3523 4605 3626 4648; x_wconf 87' lang='lat' dir='ltr'><strong>tres</strong></span> <span class='ocrx_word' id='word_1_738' title='bbox 3665 4592 3680 4645; x_wconf 93' lang='lat' dir='ltr'><strong>l</strong></span> 
     </span>
    </p>
   </div>
   <div class='ocr_carea' id='block_1_105' title="bbox 2267 4683 3678 4757">
    <p class='ocr_par' dir='ltr' id='par_1_105' title="bbox 2267 4683 3678 4757">
     <span class='ocr_line' id='line_1_105' title="bbox 2267 4683 3678 4757; baseline -0.004 -18"><span class='ocrx_word' id='word_1_739' title='bbox 2267 4688 2618 4753; x_wconf 88' lang='lat' dir='ltr'><strong>lnterpretum</strong></span> <span class='ocrx_word' id='word_1_740' title='bbox 2643 4686 2895 4740; x_wconf 90' lang='lat' dir='ltr'><strong>lectiones</strong></span> <span class='ocrx_word' id='word_1_741' title='bbox 2916 4702 3013 4755; x_wconf 91' lang='lat' dir='ltr'><strong>pro</strong></span> <span class='ocrx_word' id='word_1_742' title='bbox 3039 4702 3146 4739; x_wconf 86' lang='lat' dir='ltr'><strong>uno</strong></span> <span class='ocrx_word' id='word_1_743' title='bbox 3163 4684 3459 4757; x_wconf 83' lang='lat' dir='ltr'><strong>eodemque</strong></span> <span class='ocrx_word' id='word_1_744' title='bbox 3485 4687 3599 4739; x_wconf 85' lang='lat' dir='ltr'><strong>loco</strong></span> <span class='ocrx_word' id='word_1_745' title='bbox 3620 4683 3678 4735; x_wconf 83' lang='lat' dir='ltr'><strong>ob</strong></span> 
     </span>
    </p>
   </div>
   <div class='ocr_carea' id='block_1_106' title="bbox 2266 4771 3680 4845">
    <p class='ocr_par' dir='ltr' id='par_1_106' title="bbox 2266 4771 3680 4845">
     <span class='ocr_line' id='line_1_106' title="bbox 2266 4771 3680 4845; baseline -0.004 -18"><span class='ocrx_word' id='word_1_746' title='bbox 2266 4783 2476 4827; x_wconf 82' lang='lat' dir='ltr'><strong>vautur.</strong></span> <span class='ocrx_word' id='word_1_747' title='bbox 2507 4772 2701 4826; x_wconf 65' lang='lat' dir='ltr'><strong>Praeter</strong></span> <span class='ocrx_word' id='word_1_748' title='bbox 2727 4788 2846 4826; x_wconf 88' lang='lat' dir='ltr'><strong>eam</strong></span> <span class='ocrx_word' id='word_1_749' title='bbox 2879 4775 3043 4838; x_wconf 91' lang='lat' dir='ltr'><strong>enim,</strong></span> <span class='ocrx_word' id='word_1_750' title='bbox 3065 4775 3132 4828; x_wconf 93' lang='lat' dir='ltr'><strong>de</strong></span> <span class='ocrx_word' id='word_1_751' title='bbox 3157 4790 3262 4843; x_wconf 87' lang='lat' dir='ltr'><strong>qua</strong></span> <span class='ocrx_word' id='word_1_752' title='bbox 3316 4776 3541 4845; x_wconf 81' lang='lat' dir='ltr'><strong>egimus,</strong></span> <span class='ocrx_word' id='word_1_753' title='bbox 3579 4771 3680 4825; x_wconf 83' lang='lat' dir='ltr'><strong>vari</strong></span> 
     </span>
    </p>
   </div>
   <div class='ocr_carea' id='block_1_107' title="bbox 2269 4863 3661 4926">
    <p class='ocr_par' dir='ltr' id='par_1_107' title="bbox 2269 4863 3661 4926">
     <span class='ocr_line' id='line_1_107' title="bbox 2269 4863 3661 4926; baseline -0.005 -9"><span class='ocrx_word' id='word_1_754' title='bbox 2269 4864 2336 4917; x_wconf 91' lang='lat' dir='ltr'><strong>tis</strong></span> <span class='ocrx_word' id='word_1_755' title='bbox 2359 4878 2596 4926; x_wconf 87' lang='lat' dir='ltr'><strong>causam,</strong></span> <span class='ocrx_word' id='word_1_756' title='bbox 2621 4863 2737 4915; x_wconf 62' lang='lat' dir='ltr'><strong>alia:</strong></span> <span class='ocrx_word' id='word_1_757' title='bbox 2767 4863 2945 4916; x_wconf 71' lang='lat' dir='ltr'><strong>multae</strong></span> <span class='ocrx_word' id='word_1_758' title='bbox 2980 4863 3120 4915; x_wconf 86' lang='lat' dir='ltr'><strong>haud</strong></span> <span class='ocrx_word' id='word_1_759' title='bbox 3153 4863 3314 4917; x_wconf 88' lang='lat' dir='ltr'><strong>dubie</strong></span> <span class='ocrx_word' id='word_1_760' title='bbox 3333 4864 3661 4917; x_wconf 79' lang='lat' dir='ltr'><strong>exstiterunt.</strong></span> 
     </span>
    </p>
   </div>
   <div class='ocr_carea' id='block_1_108' title="bbox 2268 4950 3678 5022">
    <p class='ocr_par' dir='ltr' id='par_1_108' title="bbox 2268 4950 3678 5022">
     <span class='ocr_line' id='line_1_108' title="bbox 2268 4950 3678 5022; baseline -0.006 -16"><span class='ocrx_word' id='word_1_761' title='bbox 2268 4953 2440 5022; x_wconf 88' lang='lat' dir='ltr'><strong>potuit</strong></span> <span class='ocrx_word' id='word_1_762' title='bbox 2466 4953 2618 5004; x_wconf 91' lang='lat' dir='ltr'><strong>aliter</strong></span> <span class='ocrx_word' id='word_1_763' title='bbox 2652 4951 2865 5004; x_wconf 91' lang='lat' dir='ltr'><strong>evenire</strong></span> <span class='ocrx_word' id='word_1_764' title='bbox 2895 4952 2947 5002; x_wconf 91' lang='lat' dir='ltr'><strong>in</strong></span> <span class='ocrx_word' id='word_1_765' title='bbox 2981 4950 3120 5003; x_wconf 90' lang='lat' dir='ltr'><strong>libro</strong></span> <span class='ocrx_word' id='word_1_766' title='bbox 3145 4951 3304 5005; x_wconf 88' lang='lat' dir='ltr'><strong>toties</strong></span> <span class='ocrx_word' id='word_1_767' title='bbox 3328 4950 3616 5017; x_wconf 86' lang='lat' dir='ltr'><strong>descripto;</strong></span> <span class='ocrx_word' id='word_1_768' title='bbox 3641 4958 3678 4997; x_wconf 70' lang='lat' dir='ltr'><strong>ct</strong></span> 
     </span>
    </p>
   </div>
   <div class='ocr_carea' id='block_1_109' title="bbox 2268 5031 3676 5107">
    <p class='ocr_par' dir='ltr' id='par_1_109' title="bbox 2268 5031 3676 5107">
     <span class='ocr_line' id='line_1_109' title="bbox 2268 5031 3676 5107; baseline -0.008 -13"><span class='ocrx_word' id='word_1_769' title='bbox 2268 5050 2346 5095; x_wconf 90' lang='lat' dir='ltr'><strong>tot</strong></span> <span class='ocrx_word' id='word_1_770' title='bbox 2376 5040 2522 5094; x_wconf 78' lang='lat' dir='ltr'><strong>varia</strong></span> <span class='ocrx_word' id='word_1_771' title='bbox 2555 5041 2608 5093; x_wconf 91' lang='lat' dir='ltr'><strong>in</strong></span> <span class='ocrx_word' id='word_1_772' title='bbox 2640 5039 2865 5093; x_wconf 82' lang='lat' dir='ltr'><strong>diversis</strong></span> <span class='ocrx_word' id='word_1_773' title='bbox 2883 5038 3187 5107; x_wconf 88' lang='lat' dir='ltr'><strong>regionibus</strong></span> <span class='ocrx_word' id='word_1_774' title='bbox 3218 5037 3537 5105; x_wconf 84' lang='lat' dir='ltr'><strong>exemplaria</strong></span> <span class='ocrx_word' id='word_1_775' title='bbox 3554 5031 3676 5086; x_wconf 84' lang='lat' dir='ltr'><strong>ferel</strong></span> 
     </span>
    </p>
   </div>
   <div class='ocr_carea' id='block_1_110' title="bbox 2270 5128 3675 5192">
    <p class='ocr_par' dir='ltr' id='par_1_110' title="bbox 2270 5128 3675 5192">
     <span class='ocr_line' id='line_1_110' title="bbox 2270 5128 3675 5192; baseline -0.01 -6"><span class='ocrx_word' id='word_1_776' title='bbox 2270 5142 2383 5187; x_wconf 90' lang='lat' dir='ltr'><strong>tur:</strong></span> <span class='ocrx_word' id='word_1_777' title='bbox 2410 5146 2530 5184; x_wconf 90' lang='lat' dir='ltr'><strong>nam</strong></span> <span class='ocrx_word' id='word_1_778' title='bbox 2551 5146 2615 5184; x_wconf 80' lang='lat' dir='ltr'><strong>ex</strong></span> <span class='ocrx_word' id='word_1_779' title='bbox 2639 5131 2739 5184; x_wconf 89' lang='lat' dir='ltr'><strong>alia</strong></span> <span class='ocrx_word' id='word_1_780' title='bbox 2770 5130 3000 5183; x_wconf 88' lang='lat' dir='ltr'><strong>editione</strong></span> <span class='ocrx_word' id='word_1_781' title='bbox 3030 5128 3083 5180; x_wconf 91' lang='lat' dir='ltr'><strong>in</strong></span> <span class='ocrx_word' id='word_1_782' title='bbox 3107 5128 3267 5181; x_wconf 88' lang='lat' dir='ltr'><strong>aliam</strong></span> <span class='ocrx_word' id='word_1_783' title='bbox 3289 5129 3542 5182; x_wconf 88' lang='lat' dir='ltr'><strong>lectiones</strong></span> <span class='ocrx_word' id='word_1_784' title='bbox 3560 5136 3675 5192; x_wconf 87' lang='lat' dir='ltr'><strong>pers</strong></span> 
     </span>
    </p>
   </div>
   <div class='ocr_carea' id='block_1_111' title="bbox 2270 5209 3676 5286">
    <p class='ocr_par' dir='ltr' id='par_1_111' title="bbox 2270 5209 3676 5286">
     <span class='ocr_line' id='line_1_111' title="bbox 2270 5209 3676 5286; baseline -0.009 -10"><span class='ocrx_word' id='word_1_785' title='bbox 2270 5222 2535 5276; x_wconf 78' lang='lat' dir='ltr'><strong>translata:</strong></span> <span class='ocrx_word' id='word_1_786' title='bbox 2568 5228 2713 5276; x_wconf 90' lang='lat' dir='ltr'><strong>sunt.</strong></span> <span class='ocrx_word' id='word_1_787' title='bbox 2760 5219 2870 5274; x_wconf 81' lang='lat' dir='ltr'><strong>Non</strong></span> <span class='ocrx_word' id='word_1_788' title='bbox 2915 5232 3038 5271; x_wconf 89' lang='lat' dir='ltr'><strong>raro</strong></span> <span class='ocrx_word' id='word_1_789' title='bbox 3080 5219 3240 5271; x_wconf 87' lang='lat' dir='ltr'><strong>etiam</strong></span> <span class='ocrx_word' id='word_1_790' title='bbox 3274 5216 3528 5286; x_wconf 86' lang='lat' dir='ltr'><strong>contingit</strong></span> <span class='ocrx_word' id='word_1_791' title='bbox 3567 5222 3623 5266; x_wconf 89' lang='lat' dir='ltr'><strong>ut</strong></span> <span class='ocrx_word' id='word_1_792' title='bbox 3664 5209 3676 5261; x_wconf 91' lang='lat' dir='ltr'><strong>l</strong></span> 
     </span>
    </p>
   </div>
   <div class='ocr_carea' id='block_1_112' title="bbox 2267 5303 3670 5374">
    <p class='ocr_par' dir='ltr' id='par_1_112' title="bbox 2267 5303 3670 5374">
     <span class='ocr_line' id='line_1_112' title="bbox 2267 5303 3670 5374; baseline -0.01 -7"><span class='ocrx_word' id='word_1_793' title='bbox 2267 5328 2332 5367; x_wconf 83' lang='lat' dir='ltr'><strong>ex</strong></span> <span class='ocrx_word' id='word_1_794' title='bbox 2356 5311 2587 5367; x_wconf 88' lang='lat' dir='ltr'><strong>editione</strong></span> <span class='ocrx_word' id='word_1_795' title='bbox 2637 5312 2743 5364; x_wconf 79' lang='grc' dir='ltr'><strong>τῶν</strong></span> <span class='ocrx_word' id='word_1_796' title='bbox 2771 5313 2825 5363; x_wconf 84' lang='lat'><strong>0’</strong></span> <span class='ocrx_word' id='word_1_797' title='bbox 2853 5309 3138 5364; x_wconf 77' lang='lat' dir='ltr'><strong>aﬂ‘erantur</strong></span> <span class='ocrx_word' id='word_1_798' title='bbox 3166 5309 3249 5361; x_wconf 89' lang='lat' dir='ltr'><strong>vel</strong></span> <span class='ocrx_word' id='word_1_799' title='bbox 3275 5323 3304 5360; x_wconf 87' lang='lat' dir='ltr'><strong>a</strong></span> <span class='ocrx_word' id='word_1_800' title='bbox 3330 5303 3670 5374; x_wconf 87' lang='lat' dir='ltr'><strong>scriptoribus</strong></span> 
     </span>
    </p>
   </div>
   <div class='ocr_carea' id='block_1_113' title="bbox 2267 5398 3674 5471">
    <p class='ocr_par' dir='ltr' id='par_1_113' title="bbox 2267 5398 3674 5471">
     <span class='ocr_line' id='line_1_113' title="bbox 2267 5398 3674 5471; baseline -0.009 -15"><span class='ocrx_word' id='word_1_801' title='bbox 2267 5418 2298 5456; x_wconf 90' lang='lat' dir='ltr'><strong>a</strong></span> <span class='ocrx_word' id='word_1_802' title='bbox 2326 5401 2643 5468; x_wconf 88' lang='lat' dir='ltr'><strong>scholiastis,</strong></span> <span class='ocrx_word' id='word_1_803' title='bbox 2688 5403 2780 5471; x_wconf 88' lang='lat' dir='ltr'><strong>qui</strong></span> <span class='ocrx_word' id='word_1_804' title='bbox 2808 5401 2917 5470; x_wconf 86' lang='lat' dir='ltr'><strong>jam</strong></span> <span class='ocrx_word' id='word_1_805' title='bbox 2945 5398 2997 5451; x_wconf 89' lang='lat' dir='ltr'><strong>in</strong></span> <span class='ocrx_word' id='word_1_806' title='bbox 3034 5412 3095 5449; x_wconf 88' lang='lat' dir='ltr'><strong>ea</strong></span> <span class='ocrx_word' id='word_1_807' title='bbox 3137 5411 3240 5449; x_wconf 90' lang='lat' dir='ltr'><strong>non</strong></span> <span class='ocrx_word' id='word_1_808' title='bbox 3281 5399 3601 5462; x_wconf 84' lang='lat' dir='ltr'><strong>comparent,</strong></span> <span class='ocrx_word' id='word_1_809' title='bbox 3652 5401 3674 5452; x_wconf 81' lang='lat' dir='ltr'><strong>q</strong></span> 
     </span>
    </p>
   </div>
   <div class='ocr_carea' id='block_1_114' title="bbox 2269 5473 3676 5558">
    <p class='ocr_par' dir='ltr' id='par_1_114' title="bbox 2269 5473 3676 5558">
     <span class='ocr_line' id='line_1_114' title="bbox 2269 5473 3676 5558; baseline -0.014 -15"><span class='ocrx_word' id='word_1_810' title='bbox 2269 5505 2459 5557; x_wconf 89' lang='lat' dir='ltr'><strong>nempe</strong></span> <span class='ocrx_word' id='word_1_811' title='bbox 2482 5489 2569 5543; x_wconf 91' lang='lat' dir='ltr'><strong>illa</strong></span> <span class='ocrx_word' id='word_1_812' title='bbox 2599 5490 2960 5558; x_wconf 80' lang='lat' dir='ltr'><strong>supplementa</strong></span> <span class='ocrx_word' id='word_1_813' title='bbox 2996 5499 3113 5553; x_wconf 75' lang='lat' dir='ltr'><strong>qua:</strong></span> <span class='ocrx_word' id='word_1_814' title='bbox 3141 5498 3262 5537; x_wconf 87' lang='lat' dir='ltr'><strong>cum</strong></span> <span class='ocrx_word' id='word_1_815' title='bbox 3314 5479 3580 5536; x_wconf 85' lang='lat' dir='ltr'><strong>asteriscis</strong></span> <span class='ocrx_word' id='word_1_816' title='bbox 3602 5473 3676 5529; x_wconf 68' lang='lat' dir='ltr'><strong>adt</strong></span> 
     </span>
    </p>
   </div>
   <div class='ocr_carea' id='block_1_115' title="bbox 2268 5564 3659 5649">
    <p class='ocr_par' dir='ltr' id='par_1_115' title="bbox 2268 5564 3659 5649">
     <span class='ocr_line' id='line_1_115' title="bbox 2268 5564 3659 5649; baseline -0.012 -17"><span class='ocrx_word' id='word_1_817' title='bbox 2268 5579 2503 5642; x_wconf 77' lang='lat' dir='ltr'><strong>fuerunt,</strong></span> <span class='ocrx_word' id='word_1_818' title='bbox 2535 5579 2589 5632; x_wconf 89' lang='lat' dir='ltr'><strong>in</strong></span> <span class='ocrx_word' id='word_1_819' title='bbox 2612 5579 2815 5649; x_wconf 87' lang='lat' dir='ltr'><strong>aliquot</strong></span> <span class='ocrx_word' id='word_1_820' title='bbox 2839 5572 3160 5642; x_wconf 79' lang='lat' dir='ltr'><strong>exemplaria</strong></span> <span class='ocrx_word' id='word_1_821' title='bbox 3185 5572 3386 5626; x_wconf 81' lang='lat' dir='ltr'><strong>invecta</strong></span> <span class='ocrx_word' id='word_1_822' title='bbox 3415 5574 3556 5630; x_wconf 81' lang='lat' dir='ltr'><strong>sunt,</strong></span> <span class='ocrx_word' id='word_1_823' title='bbox 3587 5564 3659 5616; x_wconf 60' lang='lat' dir='ltr'><strong>in&#39;</strong></span> 
     </span>
    </p>
   </div>
   <div class='ocr_carea' id='block_1_116' title="bbox 2269 5666 2544 5721">
    <p class='ocr_par' dir='ltr' id='par_1_116' title="bbox 2269 5666 2544 5721">
     <span class='ocr_line' id='line_1_116' title="bbox 2269 5666 2544 5721; baseline -0.004 0"><span class='ocrx_word' id='word_1_824' title='bbox 2269 5682 2372 5721; x_wconf 91' lang='lat' dir='ltr'><strong>non</strong></span> <span class='ocrx_word' id='word_1_825' title='bbox 2400 5666 2544 5721; x_wconf 86' lang='lat' dir='ltr'><strong>item.</strong></span> 
     </span>
    </p>
   </div>
  </div>
