3878 6366
99 461 157 518 π
336 521 357 524 Α
1552 449 1621 504 1N
1662 451 1861 507 lIEXAl

2005 455 2335 513 ORIGENIS.
3437 470 3505 524 78

318 521 710 629 Deniifﬁetia'm
755 545 1272 629 "rutatioriibus,
1299 576 1424 629 qua

375 603 769 662 quarumdam
795 607 1113 670 litteraru
1124 603 1647 690 ηιῂξιᾏῖιξῖῖεῖευῖἶ

97 554 254 631 νιιι

162 713 382 808 i“ter
399 706 736 806 praecipuas
785 727 1021 776 autem
1060 731 1463 804 varietatum,
1489 743 1678 808 quaein
1708 760 1875 798 exem~

102 794 590 913 pur-i'bp‘smf‘t‘ii':
619 802 685 913 ξ’
718 804 1203 885 observantur,
1240 840 1470 894 causas,
1515 830 1691 886 locum
1729 835 1884 887 habet

108 883 215 977 ξὶῖβ
250 883 1014 988 gitterarunl‘G-razcarum
1056 903 1237 962 inter
1264 928 1330 966 se
1360 883 1882 988 sim'iliumfrequens

122 971 737 1077 gmmutatiozﬁam
775 995 930 1037 cum
966 986 1287 1062 Origenis
1322 1012 1562 1072 tempore
1608 1016 1660 1060 et
1683 971 1884 1077 aliquot

133 1076 372 1167 postea
394 1064 646 1167 sarculis,
671 1083 905 1129 omnes
942 1077 1191 1140 Biblici
1242 1090 1373 1145 libri
1398 1095 1589 1148 unciali
1613 1064 1883 1154 chara-etc-

148 1159 205 1231 ,ε
249 1159 757 1254 sine-accentibus
784 1173 851 1218 et
889 1171 1251 1237 spiritibus
1288 1185 1672 1254 scriberentur,
1703 1205 1766 1244 ac
1792 1191 1880 1245 lit-

165 1263 329 1314 ,ει-ξε
361 1244 604 1338 plurimae
638 1249 808 1307 inter
846 1272 919 1311 se
950 1260 1041 1315 ita
1074 1267 1318 1324 similes
1338 1283 1540 1338 essent,
1575 1286 1632 1330 ut
1661 1279 1747 1332 vix
1775 1281 1884 1335 dis-

178 1337 383 1436 tin‘gul
430 1351 683 1406 possent,
718 1344 873 1401 hinc
908 1357 1195 1428 contigit
1232 1370 1297 1415 ut
1324 1379 1462 1433 sarpe
1484 1337 1589 1420 una
1631 1383 1729 1436 pro
1778 1371 1879 1424 alia

192 1426 632 1485 substitueretur
654 1451 671 1486 :
698 1438 867 1493 unde
902 1458 1144 1513 magna
1161 1452 1541 1509 diversitatum
1569 1457 1698 1512 silva
1727 1475 1881 1514 exor-

167 1530 260 1587 ιρ
293 1524 404 1571 est.
439 1517 537 1574 liae
568 1537 710 1579 vero
737 1530 1023 1586 maxime
1052 1535 1278 1594 littera:
1320 1542 1458 1596 inter
1481 1559 1537 1597 se
1564 1549 1878 1600 commutari

129 1606 554 1703 [Qualia-nt},
590 1612 659 1675 Δ,
683 1616 758 1678 Α,
792 1634 859 1681 α,
898 1620 963 1685 δ,
994 1622 1059 1688 λ,
1084 1636 1148 1681 et
1166 1629 1234 1691 E,
1261 1629 1324 1693 Θ,
1354 1632 1414 1694 Ο,
1459 1649 1504 1694 ε,
1528 1631 1577 1697 θ,
1631 1652 1680 1698 σ,
1708 1638 1861 1691 etali-

125 1697 723 1808 et
757 1721 1041 1808 quarum.
1088 1717 1347 1808 omnium
1406 1697 1756 1777 mutationum
1813 1740 1875 1779 ex

150 1786 253 1877 ἓν
306 1786 430 1843 uitis
456 1805 635 1858 pauca
665 1793 769 1849 hic
794 1801 1085 1869 exempla
1123 1805 1479 1873 proferimus.

339 1884 381 1937 Α
395 1886 451 1939 in
473 1888 532 1941 Δ.
559 1886 748 1958 liuius
762 1895 1129 1952 mutationis
1147 1901 1491 1969 perspicuum
1509 1902 1664 1956 habet
1689 1919 1839 1958 exem
1852 1936 1871 1946 ς
1904 1883 1947 1940 Β

214 1995 295 2056 vx
322 1992 424 2029 um
442 1975 819 2049 Hieronymus
852 1981 1278 2041 Commentario
1299 1989 1556 2045 inlerem.
1587 2008 1701 2062 cap.
1728 2010 1872 2059 χιιι,

246 2077 313 2142 3-
373 2068 451 2132 l7,
484 2070 575 2122 ubi
600 2086 796 2124 vocem
847 2081 1071 2138 DHW
1117 2076 1419 2133 Theodotio
1482 2084 1737 2155 σουαρεὶμ
1784 2101 1876 2139 ex-

252 2170 579 2228 presserat,
609 2160 817 2216 deinde
849 2180 998 2217 vero
1039 2166 1392 2221 librariorum
1431 2185 1610 2227 errore
1652 2174 1702 2226 in
1753 2192 1875 2227 σουα

251 2248 468 2317 opem,
499 2258 711 2305 mutato
731 2255 780 2303 Α
803 2252 864 2305 in
888 2255 931 2304 Δ
968 2270 1197 2309 versum
1230 2257 1436 2323 fuerat;
1462 2276 1566 2329 qua
1592 2263 1655 2316 de
1679 2279 1735 2317 re
1758 2263 1876 2319 ilia-

255 2349 585 2407 ronymus:
625 2339 779 2404 Quas
816 2340 1121 2397 Theodotio
1145 2348 1508 2414 interpretatus
1538 2361 1633 2416 est,
1662 2351 1874 2406 ~Sudri-

252 2438 503 2480 nas.....
527 2445 645 2497 quae
664 2429 784 2483 Ηεὸ
795 2434 946 2485 raice
966 2435 1304 2501 appellantur
1325 2454 1534 2503 suum,
1554 2441 1641 2492 sed
1662 2447 1877 2509 scripto-

253 2530 416 2569 rum
440 2520 563 2572 vitio
576 2537 674 2588 pro
695 2522 884 2574 media
907 2524 1141 2591 syllaba,
1160 2527 1265 2579 sive
1282 2526 1457 2580 littera
1475 2530 1627 2596 alpha
1645 2530 1876 2583 ercum

246 2600 440 2659 dmlta
477 2608 708 2662 inolevit.
750 2606 1023 2664 Iudicum
1055 2626 1172 2680 cap.
1200 2629 1273 2678 ιιι,
1303 2614 1388 2679 51,
1435 2616 1521 2668 ubi
1562 2615 1874 2672 Hebraicum

239 2691 285 2744 h
312 2696 460 2748 :ahet
481 2707 605 2760 my,
637 2696 793 2749 LXX
819 2698 1014 2768 Δινάχ,
1049 2700 1325 2767 mendose,
1346 2717 1443 2771 pro
1470 2704 1652 2771 Αξνάθ,
1702 2716 1875 2759 muta-

233 2788 359 2837 με)
387 2786 433 2837 Δ
456 2787 502 2838 in
521 2789 591 2852 A;
622 2788 777 2842 alius
798 2788 1001 2852 Λινάθ,
1037 2799 1242 2845 mutato
1262 2793 1305 2843 A
1334 2793 1385 2844 in
1416 2794 1494 2857 A;
1521 2795 1655 2848 alius
1696 2795 1871 2859 Ἀνάθ,

234 2877 508 2933 melius.
532 2878 595 2932 Et
623 2878 899 2933 Judicum
945 2896 985 2943 ι,
1042 2881 1129 2946 δι,
1172 2881 1264 2934 ubi
1291 2882 1482 2951 legitur
1530 2868 1697 2949 35m,
1735 2884 1871 2937 Lxx

232 2960 295 3014 ιι
336 2966 459 3021 odie
484 2969 684 3024 habent
721 2970 924 3038 Δαλάφ
953 2986 1055 3039 pro
1096 2971 1316 3035 ’Δαλά6,
1349 2980 1407 3025 ut
1438 2973 1525 3024 alii
1549 2973 1744 3041 legunt.

364 3058 484 3112 Ain
512 3061 575 3113 Λ.
594 3059 780 3130 Hujus
808 3061 1265 3116 commutationis
1298 3063 1598 3130 exemplum
1644 3064 1873 3120 vidimus

1451 578 1514 617 ea:
1554 564 1893 650 similitudine
1919 572 1962 627 Α
1992 568 2136 639 βελεί
2176 583 2429 642 posuerat
2476 572 2730 644 Origenes
2773 576 2826 630 in
2873 579 3170 650 Tetraplis,
3213 593 3269 637 ut
3312 583 3501 637 ibidem

1982 660 2325 728 adnotamus;
2373 664 2497 732 quia
2522 665 2764 720 videlicet
2789 667 2940 725 lectio
2958 670 3045 724 illa
3073 670 3255 725 vitiata
3281 674 3497 741 βασιλεῖ,

1981 751 2213 805 nondum
2276 753 2329 805 in
2362 754 2680 822 exemplaria
2734 758 2928 824 quibus
2956 776 3087 815 usus
3117 771 3199 816 est
3229 762 3500 834 Origenes,

1983 837 2462 893 manaveral.Psal.
2485 856 2660 904 cxxxi,
2692 857 2739 894 v.
2774 843 2856 908 l5,
2888 860 3068 899 vocem
3090 857 3221 905 mir
3239 859 3503 905 verterant

1980 925 2115 977 LXX
2149 927 2460 996 lnterpretes
2486 929 2675 999 θήραν,
2705 933 3036 995 venationem,
3063 946 3221 1003 atque
3249 939 3320 992 ita
3377 940 3504 1010 legit

1978 1017 2319 1079 Athanasius,
2354 1016 2708 1089 Hieronymus
2727 1034 2937 1089 quoque
2963 1026 3276 1079 venationem
3299 1030 3468 1098 ;Aqui
3486 1059 3500 1069 -

1979 1104 2048 1165 la,
2108 1106 2465 1175 ἐπισιτισμὸν,
2499 1109 2698 1171 cibum;
2747 1107 3060 1175 Theodotio,
3118 1112 3302 1185 θήραν,
3360 1127 3501 1171 utet

1978 1193 2150 1260 LXX;
2183 1212 2300 1264 qua:
2323 1197 2478 1251 lectio
2506 1198 2796 1252 secundum
2820 1200 2930 1254 haec
2964 1216 3028 1254 ex
3051 1202 3392 1260 similitudine
3418 1223 3500 1261 so-

1978 1287 2027 1337 ni
2058 1296 2256 1340 mutata
2283 1297 2363 1341 est
2395 1288 2445 1340 in
2466 1290 2655 1358 χήραν,
2686 1290 2911 1354 viduam,
2937 1300 2991 1346 et
3025 1293 3282 1349 hactenus
3313 1299 3393 1352 sic
3420 1301 3496 1354 le-

1976 1374 2115 1440 gitur
2148 1375 2198 1426 in
2233 1377 2455 1445 vulgatis
2476 1379 2885 1446 exemplaribus.
2919 1380 3043 1435 item
3078 1381 3234 1437 Hesai
3275 1402 3380 1451 xiv,
3410 1389 3496 1451 2t,

1977 1463 2064 1516 ubi
2093 1463 2142 1516 in
2170 1463 2389 1518 Hebraeo
2409 1467 2595 1532 legitur
2614 1473 2768 1532 chy,
2790 1468 2950 1535 LXX,
2973 1472 3192 1536 πόλεων,
3224 1485 3280 1528 ut
3299 1478 3497 1545 liquet:

1974 1562 2257 1621 posteaque
2272 1555 2471 1606 πόλεων
2488 1555 2539 1608 in
2560 1556 3076 1626 mlépwvmutatum
3094 1573 3192 1617 est.
3211 1564 3327 1620 Alia
3348 1568 3500 1637 longe

1974 1639 2125 1707 plura
2152 1639 2236 1693 his
2271 1641 2463 1695 addere
2501 1659 2798 1710 possemus,
2849 1662 3030 1701 verum
3084 1651 3195 1705 haec
3238 1664 3393 1708 erunt
3431 1657 3498 1709 ad

1971 1743 2202 1796 prtesens
2225 1730 2518 1784 institutum
2544 1734 2691 1787 satis.

1978 1836 2104 1890 VIII.
2139 1839 2210 1892 De
2240 1841 2590 1923 distinctione.
2613 1847 2838 1912 capitum
2869 1857 2915 1901 et
2953 1853 3320 1907 versiculorum
3361 1857 3500 1911 anti-

2502 1924 2675 1979 quitus
2708 1927 2977 1984 usurpata.

2041 1995 2320 2051 Distinctio
2344 1999 2573 2066 capitum
2600 2000 2723 2054 olim
2757 2019 2853 2057 nec
2877 2005 3142 2061 hodierna:
3169 2010 3380 2069 similis.
3403 2027 3500 2069 nec

1975 2100 2077 2138 una
2104 2085 2221 2139 fuit.
2252 2085 2436 2155 Capita
2465 2088 2620 2157 longe
2650 2094 2854 2146 minora
2897 2094 3165 2152 hodiernis
3192 2109 3374 2167 erant;
3399 2117 3468 2157 cu

1968 2174 2057 2242 jus
2086 2176 2159 2227 rei
2204 2177 2502 2244 exemplum
2532 2178 2693 2233 habes
2721 2179 2856 2234 infra
2896 2180 3247 2238 Numerorum
3300 2204 3374 2254 tv,
3403 2189 3496 2257 25,

1974 2264 2027 2316 in
2058 2274 2203 2328 nota,
2236 2280 2298 2318 ex
2345 2266 2593 2321 omnibus
2639 2268 2837 2323 catenis
2881 2286 3010 2326 mss.
3040 2272 3336 2342 desumpta,
3380 2294 3498 2346 qua:

1974 2353 2050 2407 sic
2080 2354 2268 2409 habet:
2289 2356 2359 2407 Τὸ
2379 2356 2785 2428 Σαμαρειτικὺν,
2809 2360 3339 2431 ἐπίσπαστρονχαὶ
3370 2367 3501 2436 δέρ-

1967 2460 2121 2510 ματα
2155 2445 2461 2500 ὐακίνθινα
2483 2463 2497 2476 ’
2535 2448 2686 2500 ἅτινα
2710 2449 2861 2501 καλεῖ
2885 2450 2945 2502 τὸ
2968 2450 3008 2516 ξ’
3033 2453 3319 2521 κεφάλαιον
3352 2456 3498 2518 Ἐξό-

1971 2530 2057 2583 δου
2089 2531 2379 2600 διφθέρας.
2413 2532 2779 2589 Samariticum
2806 2538 2977 2605 habet,
3002 2540 3287 2595 tentorium
3316 2552 3369 2596 et
3394 2546 3500 2606 pel-

1974 2622 2049 2676 les
2095 2623 2500 2692 hyacinthinas:
2548 2642 2661 2695 qua:
2708 2628 2871 2693 capite
2918 2643 2984 2681 ιι
3032 2627 3203 2682 Exodi
3250 2644 3497 2685 vocantur

1972 2712 2281 2780 diphtherae.
2310 2713 2367 2767 ln
2400 2714 2577 2770 Exodo
2603 2717 2950 2785 quadraginta
2997 2719 3167 2773 solum
3196 2721 3371 2788 capita
3402 2723 3497 2776 ha-

1976 2800 2188 2866 bentur,
2216 2801 2469 2872 locusque
2495 2804 2580 2858 hic
2613 2805 2805 2859 citatus
2836 2815 3010 2860 exstat
3042 2808 3094 2860 in
3133 2810 3303 2876 capite
3335 2827 3494 2865 xui:

1974 2890 2248 2944 hodierno.
2291 2890 2346 2945 In
2388 2893 2569 2948 codice
2610 2894 2700 2946 illo
2742 2894 3070 2951 Coisliniano
3114 2900 3495 2965 vetustissimo,

1973 2980 2167 3034 unciali
2198 2983 2501 3036 charactere
2525 2982 2808 3052 descripto,
2842 2986 2926 3039 ubi
2960 2984 3316 3044 Octateucbus
3343 2998 3397 3044 et
3426 2990 3497 3043 li-

1971 3069 2054 3122 bri
2100 3069 2300 3140 Regum
2330 3074 2689 3134 continentur,
2739 3074 2856 3127 duaa
2897 3074 3119 3145 singulis
3167 3079 3219 3130 in
3259 3070 3412 3135 libris
3439 3081 3495 3134 in

225 3158 456 3217 mpm
486 3170 501 3204 :
529 3164 800 3221 praeterea
824 3167 960 3206 vero
992 3152 1187 3220 psalm.
1216 3167 1343 3218 xxx,
1378 3152 1462 3216 16,
1481 3153 1544 3205 ad
1560 3168 1740 3207 vocem
1770 3153 1874 3208 lle-
1898 3185 1941 3245 ρ
1971 3158 2142 3225 capita
2162 3158 2448 3213 divisiones
2469 3159 2520 3212 in
2548 3160 2785 3229 margine
2811 3171 3082 3227 notantur,
3112 3180 3339 3233 quarum
3364 3183 3496 3224 una-

218 3234 307 3286 ι»
334 3242 529 3295 raicam
560 3252 732 3307 tnny,
764 3240 920 3295 LXX
970 3241 1176 3295 habent
1212 3242 1262 3293 οἱ
1310 3241 1497 3311 κλῆροι
1534 3258 1653 3310 μου,
1710 3253 1868 3297 sortes

220 3341 443 3391 mea,
469 3344 672 3386 mutato
695 3335 744 3385 Α
777 3334 838 3386 in
870 3334 919 3385 A
950 3348 964 3382 :
1006 3346 1133 3386 nam
1171 3331 1261 3384 illa
1290 3347 1390 3385 vox
1431 3331 1692 3400 signiﬁcat
1745 3350 1866 3386 και-

214 3421 378 3487 ρποί
419 3440 539 3491 μου,
580 3434 825 3494 tempora
873 3440 1017 3486 mea,
1084 3430 1144 3475 ut
1198 3421 1388 3490 reliqui
1446 3422 1757 3491 interpretes
1818 3431 1871 3478 et

211 3502 650 3584 Hieronymus
694 3523 1020 3578 verterunt,
1062 3520 1117 3565 ct
1166 3512 1299 3580 psal.
1348 3527 1507 3576 ωαχ,
1557 3511 1609 3576 5,
1644 3513 1707 3565 ad
1758 3513 1870 3568 haec

209 3604 459 3656 v—erba
482 3614 611 3668 my:
633 3616 783 3668 Tua,
834 3604 1207 3674 Symmachus
1253 3603 1412 3655 vertit
1454 3601 1618 3671 λύραν
1666 3603 1866 3672 ἡδεῖαν,

215 3688 467 3762 (aram
491 3696 717 3757 dulcem,
757 3696 853 3749 ubi
889 3695 1102 3763 aliquot
1127 3692 1474 3761 exemplaria,
1502 3700 1702 3746 mutato
1745 3693 1868 3746 Ain

212 3777 361 3844 μ,
397 3778 591 3853 αὔραν,
625 3800 818 3835 auram
842 3782 1072 3836 habent.

390 3873 437 3926 Ε
469 3876 520 3927 ἰη
554 3874 596 3928 C
633 3874 843 3929 Psalm.
884 3888 1108 3934 xxxvnt,
1160 3871 1212 3933 5,
1265 3871 1315 3923 in
1364 3871 1608 3924 versione
1642 3869 1865 3937 Aquilte,

218 3966 467 4020 codex
503 3983 644 4022 unus
677 3968 847 4020 habet
871 3967 1087 4033 σιωπῆς
1143 3963 1298 4032 σιγῆς
1353 3961 1462 4013 ἀπὸ
1518 3960 1739 4028 ἀγαθοῦ,
1773 3976 1868 4029 pro

223 4059 727 4127 εωπῇὲσὶγησα
751 4055 865 4107 ἀπὸ
888 4050 1132 4121 ἀγαθοῦ,
1187 4051 1278 4104 ubi
1335 4049 1591 4104 Hebraica
1648 4050 1734 4123 sic,
1776 4051 1870 4103 har

213 4142 431 4199 bent
453 4164 467 4198 :
489 4157 645 4206 arma
671 4155 897 4204 mnum
923 4152 1113 4203 Πηοπ.
1144 4141 1286 4196 Psal.
1325 4156 1505 4203 Lxxvt,
1535 4139 1585 4202 7,
1609 4138 1868 4195 Eusebius

246 4232 578 4291 ‘ectionem
602 4234 927 4306 Symmachi
957 4235 1041 4287 sic
1060 4229 1213 4285 effert
1239 4230 1403 4300 εάνὴρ
1429 4228 1598 4281 συνὼν
1618 4228 1677 4281 τὸ
1708 4229 1866 4281 πνεῦ-

310 4321 394 4386 ὶιά
410 4343 523 4394 μου,
556 4342 657 4395 pro
677 4323 997 4394 ἀνηρεύνων
1019 4322 1081 4374 τὸ
1120 4318 1334 4388 πνεῦμά
1365 4335 1485 4386 μου,
1509 4318 1869 4385 perscrutabar

325 4411 540 4475 spiritum
562 4429 760 4477 meum,
791 4408 1165 4475 ubiﬂebraica
1191 4406 1269 4459 sic
1294 4403 1650 4463 habentwrm
1672 4411 1862 4463 ωεηη.

1970 3262 2195 3315 quaeque
2226 3247 2380 3317 longe
2410 3247 2564 3316 plura
2606 3248 2777 3318 capita
2829 3249 2986 3304 habet
3018 3266 3176 3319 quam
3215 3253 3491 3310 hodierna.

1970 3335 2289 3391 Discrimina
2322 3338 2508 3407 paucis
2537 3339 2739 3407 accipe.

2034 3425 2092 3480 ln
2115 3425 2305 3482 Genesi
2333 3427 2503 3496 prima
2528 3428 2718 3482 divisio
2745 3429 2799 3482 in
2830 3431 3011 3487 codice
3038 3431 3364 3488 Coisliniano
3396 3435 3496 3488 106

1969 3516 2139 3585 capita
2169 3517 2412 3582 exhibet;
2445 3517 2678 3573 secunda
2722 3519 2777 3572 in
2814 3519 3015 3576 eodem
3040 3524 3221 3578 codice
3268 3524 3355 3592 99,
3398 3527 3491 3579 ho-

1966 3605 2147 3660 dierna
2175 3607 2263 3661 50.

2034 3692 2090 3745 In
2120 3692 2300 3748 Exodo
2337 3695 2506 3763 prima
2542 3696 2732 3752 divisio
2760 3698 2815 3751 in
2855 3696 3075 3753 Coislin.
3100 3700 3167 3754 84
3205 3704 3375 3771 capita
3398 3705 3494 3760 htt-

1965 3783 2052 3836 bet
2075 3799 2089 3847 ;
2113 3784 2340 3837 secunda
2365 3785 2416 3837 in
2451 3787 2636 3841 eodem
2659 3788 2840 3841 codice
2868 3788 2986 3850 “0,
3019 3791 3274 3845 hodierna
3300 3793 3390 3846 40.

2033 3871 2089 3924 In
2123 3872 2356 3927 Levitico
2389 3875 2558 3941 prima
2592 3876 2644 3928 in
2689 3876 2910 3931 Coislin.
2958 3879 3025 3932 54
3077 3881 3250 3948 capita
3296 3883 3493 3948 habet;

1965 3961 2194 4015 secunda
2223 3961 2275 4013 in
2307 3962 2423 4014 eod.
2453 3962 2636 4016 codice
2657 3964 2744 4027 61,
2775 3965 3030 4019 hodierna
3055 3964 3140 4016 27.

2042 4050 2099 4101 In
2127 4047 2374 4104 Numeris
2404 4051 2575 4118 prima
2603 4051 2653 4102 in
2675 4051 2895 4106 Coislin.
2938 4052 3008 4106 50
3032 4055 3234 4123 capita;
3265 4058 3496 4112 secunda

1966 4141 2017 4191 in
2043 4137 2260 4192 Coislin.
2293 4138 2380 4203 5i,
2407 4139 2660 4193 hodierna
2694 4140 2779 4193 56.

2033 4223 2089 4277 ln
2134 4224 2541 4279 Deuteronomio
2584 4226 2754 4293 prima
2793 4227 2846 4278 in
2889 4226 3052 4281 Coisl.
3079 4226 3147 4281 68
3172 4229 3376 4298 capita;
3404 4245 3491 4285 se-

1964 4315 2135 4369 cunda
2163 4316 2216 4368 in
2248 4314 2472 4368 Coislin.
2508 4314 2595 4380 9i,
2625 4315 2878 4369 hodierna
2902 4316 2987 4369 5d.

2032 4403 2089 4457 In
2121 4405 2257 4459 libro
2282 4403 2444 4458 Josue
2480 4419 2581 4456 una
2607 4404 2837 4472 capitum
2869 4406 3061 4461 divisio
3093 4406 3407 4462 observatur
3438 4409 3492 4461 in

378 4500 412 4553 Ε
437 4505 489 4557 in
512 4503 576 4557 Θ.
606 4501 833 4571 Aquila,
868 4500 1105 4569 Symm.,
1139 4494 1435 4548 Theodotio
1458 4502 1510 4547 et
1536 4492 1790 4562 Septima,
1811 4493 1862 4546 in
1897 4494 1942 4552 D
1969 4485 2316 4559 Coisliniano,
2348 4503 2401 4548 et
2430 4497 2550 4562 quia
2579 4493 2712 4546 liber
2742 4494 2828 4548 hic
2853 4509 3042 4564 magna
3078 4496 3161 4551 sui
3188 4506 3335 4564 parte
3374 4511 3491 4549 mus

322 4602 412 4647 mss
430 4596 631 4649 habent
661 4590 971 4663 Βηθσαϐὲϐ,
988 4603 1089 4658 pro
1118 4582 1413 4655 Βηθσαὸέε,
1449 4584 1536 4636 ubi
1563 4582 1865 4639 in'Hebrai-

320 4692 375 4733 (ο
399 4685 587 4755 legitur
613 4694 889 4747 min-nn,
927 4679 1066 4749 psal.
1104 4695 1159 4739 ι,
1190 4679 1239 4730 l.

372 4775 417 4829 Μ
437 4793 534 4846 pro
553 4778 622 4831 N.
642 4773 790 4829 LXX
814 4774 1148 4840 lnterpretes
1167 4780 1355 4839 quater
1375 4769 1573 4823 habent
1589 4768 1747 4838 ὤμων
1769 4783 1863 4835 pro

327 4859 453 4931 δνων,
483 4869 728 4920 humeros
782 4878 885 4933 pro
934 4861 1132 4922 asinis,
1179 4857 1343 4913 Josue
1382 4872 1457 4920 ix,
1484 4857 1537 4921 4,
1567 4866 1618 4910 et
1654 4873 1742 4921 xv,
1777 4857 1861 4922 18,

329 4949 398 5006 ιιδί
430 4956 482 5008 in
514 4954 789 5009 llebraico
820 4951 1023 5019 legitur
1051 4955 1247 5004 v-mn.

381 5041 564 5099 Praeter
587 5045 712 5099 illas
749 5049 934 5095 autem
958 5038 1334 5091 mutationum
1366 5047 1575 5098 causas,
1607 5034 1723 5088 alia:
1750 5048 1857 5087 non

332 5138 484 5193 Pauca:
507 5135 830 5189 acciderunt
853 5137 1080 5199 propter
1123 5121 1528 5178 similitudinem
1580 5123 1862 5177 verborum

334 5219 536 5278 velsoni.
577 5223 670 5277 Sic
700 5220 826 5275 Job.
881 5231 1083 5279 xxnx,
1133 5213 1228 5269 2|.
1283 5211 1339 5262 in
1374 5206 1626 5267 Hebraico
1675 5211 1864 5280 legitur

332 5298 655 5399 MP5,
680 5313 736 5364 in
766 5320 1056 5363 occursum
1082 5307 1396 5357 armatum,
1424 5294 1662 5364 Vulgata,
1698 5300 1750 5351 in
1777 5315 1863 5351 oc-

88 5402 93 5463 ‘t
340 5410 506 5455 mcum
531 5385 786 5463 armatis;
816 5400 912 5461 A.,
947 5394 1087 5453 Tha
1125 5391 1209 5449 εἷς
1255 5385 1558 5455 συνάντησιν
1604 5389 1783 5452 ὅπλου,
1809 5391 1861 5443 in

341 5500 558 5547 occursum
580 5493 702 5557 teli;
748 5490 933 5560 Sym.,
960 5485 1048 5544 εὶς
1097 5476 1421 5560 ἀπάντησψν
1452 5480 1861 5548 καταφράκτων,

326 5569 363 5623 ί¹¹
381 5600 634 5637 occursum
664 5559 1218 5647 Cataphractarum;
1254 5561 1344 5614 Ubi
1365 5559 1495 5613 LXX
1519 5566 1718 5622 habent
1743 5586 1863 5622 συν-

82 5636 91 5746 i
314 5636 448 5729 θνπῶν
464 5674 691 5745 βασιλεῖ,
745 5636 1073 5746 occurrens
1104 5651 1242 5719 regi,
1267 5649 1536 5746 ωςθηάρεθν.
1565 5668 1689 5746 ρνοῌ
1702 5658 1860 5725 βέλει,

314 5671 448 5729 ανεῶν
464 5674 691 5745 βασιλεῖ,
745 5674 1051 5723 occurrens
1104 5654 1242 5719 regi,
1267 5654 1527 5746 ωςθηαῑξδθ,
1565 5668 1669 5721 pro
1702 5658 1860 5725 βέλει,

58 5654 91 5833 λ
296 5752 397 5834 θέο,
434 5783 497 5823 ex
528 5757 904 5821 similitudine
940 5742 1077 5803 soni
1112 5746 1170 5791 et
1187 5740 1596 5796 termmahonis.
1653 5743 1715 5799 Et
1735 5762 1863 5802 sane

1972 4583 2096 4637 tilus
2122 4593 2224 4648 est,
2254 4583 2326 4636 ibi
2370 4583 2433 4636 ad
2472 4590 2631 4651 caput
2660 4582 2924 4636 decimum
2958 4593 3205 4653 quartum
3236 4586 3491 4637 duntaxat

1967 4674 2290 4741 pervenitur,
2329 4672 2470 4743 quod
2506 4688 2626 4726 cum
2673 4687 2817 4727 nono
2861 4673 3031 4742 capite
3072 4674 3325 4729 hodierno
3356 4688 3488 4728 con-

1965 4765 2149 4817 currit.

2033 4853 2091 4903 In
2126 4851 2261 4904 libro
2288 4850 2531 4904 Judicum
2559 4851 2704 4905 nulla
2735 4850 2967 4919 capitum
2999 4849 3270 4902 distinctio
3295 4865 3484 4905 occur-

1964 4942 2033 4993 rit
2061 4940 2113 4993 in
2145 4939 2484 4995 Coisliniano.
2502 4940 2619 5010 ,Sed
2646 4940 2853 5010 quoties
2880 4937 3130 4991 lsraelitte
3155 4938 3222 4993 ob
3246 4941 3491 5007 praevari-

1964 5028 2226 5083 cationem
2253 5028 2306 5081 in
2332 5030 2637 5083 servitutem
2672 5029 3002 5097 rediguntur,
3036 5025 3089 5079 in
3118 5029 3355 5098 margine
3389 5044 3487 5098 po-

1964 5119 2108 5172 nitur
2131 5134 2144 5168 :
2170 5117 2377 5171 δουλεία
2397 5124 2464 5181 α’,
2487 5118 2695 5171 δουλεία
2718 5117 2783 5179 6',
2808 5123 2911 5169 etc.
2938 5113 3191 5170 Similiter
3216 5118 3280 5172 ad
3308 5119 3486 5190 singu-

1964 5208 2045 5263 los
2084 5208 2290 5276 judices
2317 5208 2409 5276 qui
2439 5208 2853 5272 constituuntur,
2880 5205 3162 5262 adnotatur
3188 5209 3389 5281 Κριτὴς
3413 5214 3482 5273 α’,

1963 5295 2146 5367 κριτὴς
2177 5295 2239 5346 6'.
2898 5356 2909 5375 ρ

2033 5387 2194 5441 Libro
2232 5386 2404 5455 primo
2431 5383 2632 5453 Regum
2663 5383 2833 5451 prima
2854 5383 3042 5438 divisio
3070 5385 3122 5438 in
3156 5382 3376 5439 Coislin.
3402 5389 3485 5437 est

1963 5477 2030 5532 55
2057 5478 2325 5546 capitum;
2354 5472 2586 5528 secunda
2615 5474 2698 5536 75,
2728 5473 2981 5528 hodierna
3019 5474 3103 5529 51.

2032 5567 2191 5621 Libro
2217 5563 2450 5619 secundo
2466 5562 2594 5633 Reg.
2628 5565 2869 5633 primalin
2893 5562 3111 5617 Coislin.
3135 5569 3216 5616 est
3244 5560 3311 5615 50
3331 5555 3509 5625 θερί--

1962 5667 2074 5713 tum
2100 5675 2114 5721 ;
2144 5653 2372 5710 secunda
2402 5652 2490 5715 53,
2523 5652 2778 5707 hodierna
2822 5653 2909 5707 24.

2034 5745 2089 5799 ln
2136 5745 2271 5798 libro
2301 5740 2456 5796 tertio
2489 5739 2691 5812 Regum
2717 5741 2906 5795 divisio
2932 5740 2984 5791 in
3010 5736 3200 5804 capita,
3233 5729 3478 5801 perplexa
