3878 6346
634 453 699 504 7?;
1955 437 2455 496 PRELIMINARiA

630 566 887 626 clausula,
923 563 1012 616 καὶ
1038 562 1189 629 ψαλῶ
1211 560 1286 631 τῷ
1312 561 1527 630 ὀνόματι
1568 560 1767 632 Κυρίου
1803 544 1891 614 ἒᾶὖ
1923 563 2163 630 ὑψίστου,

2265 558 2365 612 sim
2395 555 2707 611 intermistaa
2751 565 3080 611 occurrunt:
3116 551 3225 609 sed
3280 550 3465 606 etiam
3528 548 3590 600 in
3644 546 3715 601 ed

629 673 737 709 non
772 655 1088 708 verbotenus
1125 651 1294 705 solum
1322 650 1595 703 differebat
1622 666 1651 703 a
1683 651 2019 719 prmcedenti,
2048 650 2159 719 ᾷσω

629 745 705 815 τῷ
726 743 906 814 Κυρίῳ
928 741 1004 811 τῷ
1029 740 1439 811 εὐεργετήσαντι
1494 758 1581 810 με,
1641 742 1731 794 sed
1763 756 1819 793 re
1857 749 1909 793 et
1960 755 2157 803 sensu;

631 842 791 902 atque
821 834 932 886 haec
957 831 1168 900 quidem
1192 846 1257 883 ex
1287 829 1546 885 Hebraico
1573 838 1625 884 et
1655 846 1720 883 ex
1754 831 1958 884 caneris
2000 831 2162 882 inter-

631 923 868 992 pretibus
894 929 1140 990 excerpta
1169 920 1340 974 fuerat
1364 960 1379 984 ,
1416 920 1580 973 altera
1624 935 1746 974 vero
1784 935 1849 972 ex
1894 918 2031 971 LXX
2075 935 2160 972 re-

631 1019 918 1067 manserat.
966 1011 1089 1065 limo
1141 1010 1312 1065 solum
1339 1009 1687 1077 conjectando
1739 1009 1843 1062 dici
1883 1016 2108 1077 possunt
2146 1025 2158 1061 :

629 1118 751 1157 cum
779 1103 919 1156 enim
943 1102 1085 1155 nullo
1129 1101 1233 1154 alio
1265 1115 1424 1168 quam
1461 1099 1755 1166 Epiphanio
1790 1097 1925 1150 duce
1971 1098 2047 1149 uti
2083 1096 2161 1150 fas

629 1197 721 1253 sit,
754 1191 933 1245 omnia
960 1200 1102 1243 certe
1125 1188 1346 1243 salebris
1374 1188 1525 1256 plena
1541 1195 1687 1240 sunt.
1722 1185 2163 1261 Hypolemniscus

631 1296 776 1344 vero,
800 1280 953 1346 cujus
989 1279 1098 1331 haec
1134 1277 1302 1346 ﬁgura
1333 1287 1446 1330 erat
1479 1303 1541 1329 -.—
1580 1274 1933 1344 signiﬁcabat,
1974 1289 2165 1328 secun-

631 1371 757 1423 dum
788 1368 1162 1437 Epiphanium,
1195 1381 1258 1419 ex
1283 1379 1389 1418 uno
1424 1372 1627 1418 tantum
1657 1365 2003 1431 interpretum
2049 1363 2163 1431 pari

620 1460 911 1514 ‘lectionem
965 1458 1260 1526 appositam
1308 1470 1587 1518 emanare,
1632 1469 1857 1521 esseque
1899 1454 2165 1523 adjunctae

620 1546 845 1599 'lectioni
863 1544 1255 1614 συναμφότερῡν
1279 1543 1369 1594 καὶ
1388 1541 1722 1610 συνάδελφον,
1743 1542 1794 1594 id
1819 1548 1918 1603 est,
1947 1540 2164 1593 omnino

636 1651 1024 1706 synonymam;
1056 1634 1135 1688 sic
1162 1633 1510 1702 Epiphanius.
1544 1630 1648 1685 Sed
1680 1631 1822 1700 quod
1854 1631 1919 1684 de
1951 1630 2165 1699 triginta

628 1742 727 1782 sex
753 1730 1095 1794 interpretum
1126 1725 1344 1801 paribus
1373 1729 1428 1776 et
1460 1722 1525 1776 de
1554 1721 1770 1776 totidem
1796 1721 2003 1775 cellulis
2035 1735 2162 1772 nar-

628 1828 802 1880 ratur,
829 1818 940 1885 jam
966 1818 1264 1886 ablegatum
1294 1823 1376 1868 est
1407 1829 1423 1874 ;
1461 1828 1627 1881 quare
1669 1812 1844 1880 potius
1894 1812 2162 1864 crederem

635 1908 1089 1979 hypolemniscum
1116 1915 1239 1959 tunc
1268 1904 1568 1974 appositum
1607 1900 1771 1954 fuisse
1800 1940 1813 1961 ,
1859 1915 1980 1954 cum
2007 1900 2163 1954 lectio

634 2001 723 2054 illa
747 2008 925 2053 notata
968 1997 1105 2050 LXX
1141 1997 1486 2064 lnterpretum
1510 1993 1681 2048 solum
1707 2001 1820 2046 erat
1840 2029 1854 2053 ,
1885 1991 2027 2058 quod
2057 2006 2163 2042 uno

632 2091 822 2146 subtus
872 2089 1063 2141 lineam
1098 2089 1272 2156 posito
1304 2092 1498 2154 puncto
1549 2080 1925 2144 indicabatur;
1974 2078 2163 2131 lemni.

630 2196 786 2238 scum
816 2193 941 2233 vero
972 2193 1094 2231 cum
1124 2175 1331 2229 duobus
1348 2172 1583 2243 punctis,
1619 2173 1833 2240 quando
1888 2184 1993 2222 non
2024 2167 2161 2219 LXX

628 2272 977 2339 lnterpretum
1012 2276 1240 2328 tantum,
1267 2266 1360 2319 sed
1401 2264 1559 2317 citam
1599 2259 1981 2315 Thcodntionis
2027 2268 2160 2312 erat.

630 2361 895 2418 Cmterum
925 2373 991 2411 ex
1025 2354 1371 2411 similitudine
1417 2368 1536 2421 quae
1579 2350 1939 2404 intercedebat
1981 2349 2165 2403 obelos

633 2452 771 2504 inter
798 2458 850 2502 et
880 2447 1165 2501 lemniscos
1189 2454 1347 2512 atque
1374 2442 1819 2511 hypolemniscos,
1856 2456 1959 2494 non
1992 2440 2163 2494 solum

633 2548 892 2608 quantum
921 2535 986 2588 ad
1017 2534 1261 2596 formam,
1288 2531 1380 2585 sed
1412 2532 1572 2583 etiam
1597 2540 1853 2598 quantum
1890 2528 1954 2580 ad
1983 2543 2162 2592 usum,

634 2628 831 2682 factum
863 2635 944 2678 est
984 2632 1039 2676 ut
1073 2621 1312 2676 lemnisci
1335 2635 1430 2688 pro
1458 2619 1626 2673 obelis
1669 2618 1777 2671 sint
1812 2617 1997 2670 habiti.
2030 2613 2163 2670 Nam

634 2734 743 2773 uno
773 2724 994 2784 excepto
1024 2711 1271 2782 llesycbii
1310 2710 1427 2764 loco
1457 2723 1617 2777 supra
1664 2706 1912 2769 laudato,
1965 2707 2164 2760 nullam

632 2823 721 2861 me
751 2805 1129 2860 lemniscorum
1178 2800 1498 2853 mentionem
1551 2812 1580 2850 a
1611 2804 1847 2863 tempore
1888 2793 2165 2863 Epiphauii

634 2906 689 2952 et
720 2894 1026 2965 Hieronymi
1059 2892 1265 2960 uspiam
1321 2888 1555 2957 reperire
1585 2886 1837 2949 memini;
1885 2884 1937 2937 in
1982 2884 2167 2938 Bibliis

636 2986 840 3041 scilicet
867 2980 1274 3050 manuscriptis,
1310 2980 1363 3032 in
1408 2976 1623 3032 Catenis
1652 2984 1705 3031 et
1738 2978 1791 3028 in
1831 2971 2167 3028 Commenta-

635 3077 749 3131 riis.

635 3190 700 3247 ν.
736 3188 799 3242 In
830 3187 1087 3241 hodiernis
1102 3183 1410 3237 editionibus
1439 3192 1485 3235 et
1514 3198 1615 3234 mss
1633 3180 1778 3235 LXX
1798 3182 2162 3251 Interpretum,

706 3260 869 3311 multa
899 3273 962 3309 ea:
984 3256 1208 3308 editione
1240 3254 1336 3306 illa
1367 3251 1656 3319 Hexaplari
1691 3253 1958 3320 desumpta
1990 3252 2165 3321 depreo

703 3326 1014 3380 henduntur.

706 3438 896 3492 Narrat
924 3436 1276 3504 Hieronymus
1306 3441 1539 3501 tempore
1561 3446 1659 3486 suo
1696 3431 1960 3486 Ecclesias
1996 3431 2170 3485 varias

633 3529 800 3584 variis
852 3525 987 3580 LXX
1041 3525 1394 3593 interpretum
1448 3523 1771 3577 editionibus
1828 3539 1955 3577 usas
2027 3537 2164 3577 esse.

639 3619 975 3683 Alexandria,
1025 3616 1217 3685 inquit,
1246 3624 1294 3667 et
1323 3613 1604 3683 .Egyptus,
1638 3614 1692 3665 in
1722 3609 1868 3665 LXX
1920 3613 2027 3666 suis
2058 3611 2169 3666 He-

635 3709 868 3780 sychium
917 3705 1097 3760 laudat
1142 3712 1434 3766 auctorem;
1486 3700 1959 3770 Constantinopolis
2013 3716 2170 3770 usque

639 3797 966 3856 Antiochiam
995 3795 1217 3848 Luciani
1237 3794 1479 3860 martyris
1492 3793 1802 3860 exemplaria
1830 3791 2043 3861 probat;
2065 3809 2171 3845 me-

632 3891 739 3944 dia:
771 3890 903 3942 inter
930 3887 1022 3938 has
1056 3885 1329 3952 provincite
1379 3883 1686 3937 Palaestinos
1716 3884 1913 3936 codices
1970 3883 2166 3952 legunt,

633 3997 762 4051 quos
794 3978 858 4031 ab
894 3978 1109 4046 Origene
1145 3974 1433 4027 elaboratas
1480 3972 1729 4027 Eusebius
1773 3982 1821 4025 et
1864 3972 2168 4041 Pamphilus

637 4072 965 4140 vulgaverant
995 4082 1014 4120 :
1040 4077 1274 4135 totusque
1309 4064 1446 4115 orbis
1498 4063 1594 4115 hac
1618 4067 1752 4115 inter
1803 4078 1857 4115 se
1905 4063 2168 4114 contraria

636 4162 881 4214 varietate
912 4165 1237 4227 compugnat.
1275 4152 1338 4206 Et
1370 4155 1420 4204 in
1444 4152 1660 4219 epistola
1689 4151 1753 4202 ad
1790 4151 2166 4215 Augustinum,

636 4258 849 4319 quaeest
878 4250 928 4300 in
968 4256 1230 4314 postrema
1263 4244 1490 4295 editione
1526 4242 1610 4301 74,
1634 4240 1922 4309 εἰρωνικῶς
1946 4242 2168 4308 loquens

639 4340 715 4394 ait
746 4357 759 4391 :
796 4336 882 4390 Vis
915 4348 1118 4387 amator
1145 4350 1251 4386 esse
1273 4348 1417 4385 verus
1434 4329 1582 4381 LXX
1603 4329 1964 4397 lnterpretum,
1984 4346 2081 4382 non
2101 4330 2147 4383 le

638 4445 730 4501 gas
752 4444 810 4481 ea
837 4442 951 4497 qua:
973 4427 1064 4478 sub
1092 4424 1351 4477 asteriscis
1379 4431 1497 4474 sunt
1531 4439 1548 4474 :
1585 4423 1688 4472 imo
1717 4422 1838 4472 rade
1860 4420 1923 4473 de
1953 4422 2168 4474 volumi-

2259 648 2497 701 Romana
2524 664 2628 702 non
2654 663 2836 716 pauca:
2863 644 3376 715 deprehenduntur
3416 639 3716 693 lectiones.

2259 739 2326 791 ab
2352 738 2622 806 hexaplari
2654 740 2739 791 illa
2760 739 2990 792 editione
3018 741 3363 796 manarunt,
3402 743 3470 785 ut
3515 731 3681 783 verbi
3713 758 3716 793 θ

2258 826 2357 881 Job
2392 844 2466 891 IX,
2501 828 2552 891 '5,
2585 828 2636 880 in
2665 829 2777 881 haec
2802 828 2962 881 verba
2992 835 3127 889 unm
3170 821 3587 894 Symmachus
3620 831 3677 874 et
3708 819 3716 838 '

2259 917 2436 982 dotio,
2465 919 2523 970 οὐ
2552 917 2625 987 μὴ
2655 918 2928 987 ὑπακούσῃ
2961 916 3106 985 αὑτῷ
3128 954 3145 976 ,
3178 929 3317 982 quae
3341 912 3523 966 lectio
3552 912 3609 964 in
3646 913 3713 965 ed

2260 1008 2533 1075 hexaplari
2585 1009 2751 1074 posita
2786 1007 2976 1069 fuerat,
3003 1009 3129 1073 quia
3176 1003 3385 1072 prisca
3448 1000 3569 1052 τῶν
3607 1002 3667 1052 0'

2260 1098 2506 1165 pretatio,
2562 1096 2645 1148 ἵνα
2681 1095 2752 1165 μὴ
2782 1094 3025 1165 ἀντείπῃ,
3062 1081 3177 1147 11οή
3232 1090 3389 1145 satis
3448 1088 3716 1143 convenit

2264 1196 2488 1255 utraque
2518 1196 2692 1239 tamen
2716 1186 2889 1239 versio
2914 1186 2965 1237 in
2996 1192 3147 1237 textu
3178 1182 3396 1235 relicta
3419 1188 3536 1243 cst,
3576 1181 3657 1232 ita
3684 1196 3716 1232 u

2261 1275 2480 1343 prazibat
2505 1274 2808 1344 Symmachi
2831 1283 2884 1326 et
2908 1271 3345 1333 Theodotiunis,
3381 1271 3676 1324 asterisco

2261 1372 2424 1427 retur,
2459 1363 2624 1415 altera
2656 1376 2780 1414 vero
2814 1362 3092 1424 lenmisco,
3135 1369 3203 1411 ut
3262 1359 3511 1427 quidem
3569 1359 3716 1410 exist

2260 1453 2449 1505 deinde
2478 1451 2728 1519 neglectis
2760 1450 3022 1509 astericis,
3059 1449 3248 1501 ambae
3279 1448 3571 1502 lectiones
3600 1463 3716 1501 rem

2261 1551 2385 1596 runt
2408 1541 2504 1605 sic,
2549 1543 2608 1593 οὺ
2641 1540 2712 1609 μὴ
2745 1539 3022 1610 ὑπακούσῃ
3048 1538 3231 1606 αὐτῷ,
3263 1528 3365 1590 ἵνα
3399 1539 3482 1607 μὴ
3522 1538 3716 1590 ἁντείπ

2263 1631 2453 1700 psalm.
2484 1646 2613 1693 xvu,
2650 1630 2737 1690 56,
2782 1631 2892 1683 haec
2937 1629 3096 1681 verba
3117 1635 3311 1685 inn-an
3352 1637 3569 1708 11111371
3598 1627 3716 1679 LX}

2264 1729 2454 1781 terant,
2481 1720 2622 1787 καὶὴ
2653 1718 2864 1771 παιδεία
2887 1734 2977 1769 σου
3020 1715 3335 1786 ἀνώρθωσέ
3400 1734 3499 1785 με,
3567 1716 3716 1769 Thec

2263 1820 2460 1875 autem,
2489 1809 2631 1878 καὶὴ
2657 1808 2864 1861 παιδεία
2896 1824 2986 1859 σου
3027 1808 3171 1876 αὐτή
3221 1824 3298 1875 με
3347 1806 3605 1872 διδάξει·
3647 1817 3716 1861 υῑι

2263 1909 2439 1953 autem
2469 1898 2624 1951 lectio
2658 1898 2711 1949 in
2736 1897 3008 1964 hexaplari
3062 1897 3152 1949 illa
3221 1898 3489 1951 editione
3560 1899 3711 1964 posit

2264 1987 2532 2041 hodiernis
2566 1985 2751 2039 Bibliis
2782 1986 3113 2055 conjunctim
3150 1986 3395 2056 legitur.
3447 1985 3673 2041 Similia
3705 2005 3716 2041 ι

2262 2074 2562 2144 frequenter
2593 2082 2902 2130 occurrunt.

2331 2188 2386 2241 ln
2410 2188 2726 2243 Ecclesiaste
2749 2203 2874 2241 vero
2925 2190 3018 2241 σὺν
3039 2187 3404 2256 praepositio,
3427 2204 3540 2257 qua
3556 2188 3716 2258 expri

2264 2281 2466 2336 solebat
2493 2281 2679 2349 Aquila
2705 2280 3015 2348 particulam
3039 2278 3385 2333 Hebraicam
3412 2291 3524 2343 nu,
3554 2289 3716 2333 notar

2264 2370 2487 2424 cusativi
2521 2385 2700 2431 casus,
2724 2384 2994 2438 quamque
3023 2368 3325 2440 Origenes:
3352 2371 3410 2424 iu
3451 2372 3716 2440 hexaplar

2264 2459 2494 2512 editione
2513 2459 2787 2527 praemisso
2813 2459 3093 2521 asterisco,
3129 2458 3319 2512 sicubi
3370 2468 3716 2524 occurreret,

2265 2556 2462 2611 suerat,
2492 2564 2595 2601 non
2625 2547 2988 2616 infrequenter
3046 2550 3331 2617 reperitur
3364 2550 3422 2602 in
3467 2550 3716 2604 editione

2265 2652 2442 2690 mana.
2471 2636 2559 2690 Sic
2587 2652 2702 2705 cap.
2732 2653 2790 2698 ιι,
2824 2653 2873 2689 ν.
2906 2636 2991 2702 l7,
3022 2638 3117 2690 καὶ
3142 2639 3401 2708 ἐμίσησα
3444 2640 3545 2693 σὺν
3576 2635 3716 2708 τὴνζ

2266 2734 2318 2780 et
2342 2741 2457 2794 cap.
2500 2741 2581 2789 ιιι,
2608 2741 2662 2782 v.
2697 2726 2782 2791 i7,
2819 2728 2913 2779 σὺν
2930 2728 3017 2781 τὸν
3038 2729 3257 2783 δίκαιον
3290 2731 3395 2783 καὶ
3432 2732 3536 2782 σὺν
3569 2730 3662 2783 τὸν
3686 2731 3716 2782 ἁ

2267 2819 2438 2885 κρινεῖ
2476 2816 2505 2866 ὁ
2550 2814 2698 2876 Θεὸς,
2743 2827 2796 2869 et
2848 2815 3041 2869 similia
3088 2819 3375 2885 quaedam.
3423 2818 3621 2889 Capite
3673 2835 3716 2872 at

2264 2920 2381 2967 ut,
2438 2919 2577 2958 vers.
2630 2904 2729 2964 2'5,
2783 2904 3079 2959 clausulam
3144 2922 3216 2961 ex
3289 2908 3498 2977 Aquila
3544 2909 3600 2962 in
3657 2910 3716 2961 ed

2266 3009 2388 3049 nem
2412 2994 2518 3047 τῶν
2558 2993 2612 3047 0'
2640 2994 2901 3048 invectam
2931 2996 3430 3065 deprehendimus,
3458 3009 3519 3053 ut
3567 3000 3716 3053 videa

2265 3094 2391 3140 nota
2421 3085 2636 3139 ibidem.
2664 3084 2741 3138 Ex
2763 3085 2846 3139 his
2885 3101 3044 3154 porro
3083 3091 3501 3145 mutationibus
3553 3091 3707 3146 eveni

2268 3176 2431 3230 editio
2458 3174 2594 3227 LXX
2646 3174 2992 3243 lnterpretum
3046 3192 3187 3246 pura
3223 3190 3280 3234 et
3328 3180 3514 3248 qualis
3564 3190 3682 3234 erat

2266 3263 2787 3335 0rigenem,frustra
2809 3275 3080 3333 quaeratur
3101 3268 3296 3323 hodie.
3343 3269 3485 3325 Hinc
3521 3272 3651 3325 item
3700 3285 3716 3323 ε

2265 3354 2344 3410 dit
2378 3364 2435 3408 ut
2451 3354 2654 3407 librarii
2682 3353 2808 3407 dum
2832 3357 3159 3424 exemplaria
3196 3357 3346 3411 UXX
3364 3358 3716 3429 Interpretum

2267 3444 2583 3506 scriberent,
2614 3443 2748 3497 alias
2777 3444 3031 3498 lectiones
3053 3447 3286 3514 praeﬁxo
3317 3450 3379 3501 0'
3411 3459 3563 3514 nota,
3595 3450 3715 3503 vide

2266 3532 2403 3587 LXX
2432 3532 2802 3601 lnterpretum,
2830 3533 2883 3587 in
2904 3536 3149 3604 margine
3178 3548 3476 3605 notarent;
3529 3540 3603 3593 ita
3648 3548 3709 3591 ut

2266 3639 2369 3678 nus
2396 3623 2548 3691 periti
2580 3637 2757 3677 rerum
2784 3621 3090 3691 huiusmodi
3114 3629 3400 3683 mirentur
3445 3630 3539 3683 ubi
3565 3626 3703 3683 LXX

2267 3722 2555 3781 terpretum
2582 3721 2757 3767 textus
2780 3714 3087 3797 exscriptus.
3109 3728 3222 3785 est,
3249 3719 3306 3772 in
3356 3720 3606 3790 margine
3656 3733 3716 3771 ne

2267 3802 2405 3857 LXX
2430 3807 2748 3872 interpretes
2769 3804 2873 3858 alio
2904 3805 3065 3860 modo
3088 3806 3295 3878 legere.

2269 3957 2353 4011 Vl.
2388 3955 2484 4034 De“
2514 3956 2904 4034 mutationibus-
2938 3973 3052 4025 qute
3097 3960 3166 4011 ab
3212 3960 3461 4034 Origenis
3515 3970 3715 4029 tempon

2404 4025 2648 4078 editiones
2696 4024 2841 4076 LXX
2877 4023 3236 4094 Interpretum
3265 4023 3503 4084 advecta:
3535 4023 3679 4083 sunt.

2335 4158 2637 4226 Saepissime
2665 4158 2848 4218 etiam,
2904 4161 3206 4225 praesertim
3257 4162 3400 4217 libro
3452 4162 3716 4223 Judicum,

2266 4247 2539 4299 codicibus
2562 4244 2913 4308 Coisliniann,
2932 4247 3129 4300 unciali
3188 4252 3510 4305 charactere
3536 4248 3715 4313 deseri,

2267 4343 2318 4389 et
2350 4333 2647 4395 Basiliensi,
2670 4334 2829 4386 variae
2849 4334 3099 4389 lectiones
3138 4336 3198 4391 in
3225 4340 3474 4409 margine
3512 4338 3715 4392 scribut

2265 4439 2385 4478 cum
2410 4432 2532 4476 nota
2559 4422 2693 4484 0'9,
2725 4423 2850 4491 quia
2875 4424 3074 4477 scilicet
3103 4440 3174 4480 ex
3208 4426 3583 4481 Theodotione
3626 4427 3679 4479 in
3708 4443 3716 4474 ι

638 4519 810 4577 nibus,
840 4523 1131 4566 utveterum
1164 4521 1208 4562 te
1223 4511 1477 4578 fautorem
1496 4508 1694 4577 probes.
1719 4508 1868 4572 Quod
1896 4514 1939 4561 si
1962 4510 2164 4576 feceris,
2202 4536 2244 4589 ι)
2269 4514 2465 4565 tionem
2522 4511 2626 4569 τῶν
2651 4513 2704 4562 Ο¹
2734 4527 2854 4564 cum
2880 4513 3156 4566 asteriscis
3194 4517 3264 4569 ab
3313 4513 3548 4584 Origene
3578 4514 3716 4566 .inve

640 4608 867 4660 omnium
907 4601 1249 4655 Ecclesiarum
1279 4598 1611 4651 bibliothecas
1669 4599 1916 4651 damnare
1950 4601 2164 4668 cogeris.

649 4691 750 4748 Via;
776 4694 912 4747 enim
944 4707 1076 4744 unus
1098 4697 1188 4741 aut
1210 4687 1342 4740 alter
1379 4687 1666 4739 inveniatur
1687 4686 1815 4739 liber
1834 4689 1920 4756 qui
1945 4689 2046 4740 ista
2068 4704 2169 4740 non

639 4782 843 4836 habeat.
867 4779 1001 4832 Hinc
1021 4777 1307 4831 ediscimus
1335 4774 1443 4843 jam
1480 4788 1591 4826 :BVO
1638 4772 1943 4845 llierouymi
1995 4790 2170 4828 exem-

639 4872 805 4942 plaria
829 4869 965 4923 LXX
1005 4866 1354 4934 interpretum
1403 4863 1682 4917 innumera
1724 4873 1778 4918 et
1806 4864 2076 4918 asteriscis
2118 4873 2170 4918 ct

639 4960 809 5015 obelis
823 4967 1015 5013 onusta
1044 4956 1210 5010 fuisse
1244 4970 1256 5006 :
1281 4969 1400 5023 qua:
1418 4951 1749 5022 Origeniame
1774 4962 1909 5005 notae
1931 4952 1981 5005 in
2005 4953 2170 5021 pluri-

642 5050 745 5105 mis
775 5047 1166 5116 exemplaribus
1198 5044 1576 5112 manuscriptis
1595 5041 1793 5097 Graacis
1812 5043 1934 5096 hinc
1962 5042 2151 5097 etinde

638 5152 842 5211 sparsae
876 5134 1134 5203 hodieque
1178 5135 1561 5197 observantur;
1608 5133 1712 5187 imo
1739 5132 1897 5186 etiam
1932 5130 1983 5182 in
2035 5146 2170 5185 non-

641 5228 803 5285 nullis
830 5224 1054 5285 Latinis,
1084 5225 1315 5278 maxime
1348 5224 1403 5277 in
1432 5223 1582 5277 libris
1610 5221 1711 5276 Job
1739 5231 1792 5274 et
1810 5218 2164 5273 Psalmorum.

640 5319 718 5376 Ex
732 5316 963 5372 editione
974 5314 1060 5369 illa
1076 5314 1345 5382 hesaplari
1359 5314 1524 5368 multa
1544 5314 1595 5365 in
1615 5312 1897 5367 hodieruas
1910 5309 2169 5364 editiones

639 5404 953 5465 transmissa
999 5400 1478 5470 deprehenduntur.
1509 5400 1618 5454 Nec
1647 5402 1835 5468 loquor
1865 5406 2066 5450 tantum
2103 5396 2169 5450 de

637 5489 998 5549 Alexandrino
1017 5486 1217 5551 codice,
1240 5487 1331 5555 qui
1359 5489 1642 5542 editionem
1664 5488 1805 5540 illam
1828 5482 2166 5552 hexaplarem

641 5601 775 5656 pene
804 5582 1063 5652 sequitur,
1093 5587 1152 5633 ut
1178 5582 1356 5634 videre
1383 5591 1463 5635 est
1494 5580 1785 5649 praesertim
1831 5578 1883 5631 in
1917 5576 2052 5630 libro
2074 5574 2167 5629 Ju-

639 5678 858 5737 dicum;
892 5686 989 5724 nec
1016 5670 1082 5723 de
1116 5670 1345 5724 editione
1388 5670 1768 5739 Complutensi,
1801 5668 1889 5721 ubi
1938 5665 2165 5721 aliorum

639 5767 984 5831 interpretum
1019 5761 1288 5825 lectiones,
1326 5761 1656 5829 maximeque
1687 5758 2012 5826 Symmachi,
2041 5772 2165 5823 pas-

2269 4601 2496 4654 fuerant.
2521 4599 2629 4653 lmo
2662 4601 2822 4655 etiam
2848 4601 2983 4655 libro
3008 4599 3266 4658 Judicum
3310 4621 3385 4666 v1,
3426 4604 3480 4666 8,
3535 4613 3641 4657 tres
3682 4601 3716 4654 L

2268 4693 2618 4758 Interpretum
2644 4690 2895 4745 lectiones
2916 4706 3011 4759 pro
3036 4706 3144 4744 uno
3162 4691 3468 4764 eodemque
3494 4695 3613 4748 loco
3634 4692 3716 4744 obs

2267 4788 2477 4832 vantur.
2508 4777 2702 4833 Praeter
2729 4793 2847 4832 eam
2879 4779 3041 4842 enim,
3063 4780 3128 4833 de
3156 4796 3266 4850 qua
3321 4784 3555 4853 egimus,
3591 4780 3716 4834 varit

2269 4868 2337 4922 tis
2360 4883 2597 4931 causam,
2621 4869 2738 4921 alite
2768 4868 2945 4921 multa:
2979 4868 3118 4921 haud
3153 4871 3320 4924 dubie
3340 4872 3679 4925 exstiterunt.
3706 4864 3716 4917 !

2269 4957 2441 5027 potuit
2467 4958 2619 5009 aliter
2653 4957 2866 5010 evenire
2895 4957 2947 5008 in
2980 4956 3118 5009 libro
3145 4959 3309 5014 toties
3334 4959 3631 5026 descripto;
3658 4968 3716 5007 cu

2269 5054 2347 5100 tot
2378 5045 2522 5099 varia
2556 5046 2610 5098 iu
2641 5045 2865 5099 diversis
2883 5045 3191 5114 regionibus
3223 5046 3550 5114 exemplaria
3569 5042 3716 5096 fereb:

2270 5146 2384 5191 tur:
2410 5150 2530 5189 nam
2551 5151 2616 5189 ex
2639 5136 2740 5189 alia
2770 5136 3001 5189 editione
3031 5135 3083 5188 in
3108 5137 3271 5190 aliam
3295 5138 3555 5192 lectiones
3574 5145 3716 5203 persa

2270 5227 2535 5280 translata:
2570 5233 2713 5281 sunt.
2760 5225 2871 5280 Non
2917 5240 3040 5280 raro
3082 5228 3245 5282 etiam
3280 5226 3541 5297 contingit
3581 5234 3639 5277 ut
3682 5220 3716 5272 ι(

2266 5332 2332 5371 ex
2356 5315 2587 5372 editione
2637 5317 2744 5369 τῶν
2772 5318 2825 5369 0'
2854 5317 3141 5372 aﬂ’erantur
3169 5319 3253 5372 vel
3280 5334 3310 5371 a
3336 5314 3687 5385 scriptoribus
3713 5324 3716 5331 '

2267 5422 2298 5460 a
2326 5407 2644 5472 scholiaStis,
2688 5408 2781 5476 qui
2809 5406 2919 5476 jam
2946 5408 3000 5460 in
3037 5422 3099 5461 ea
3141 5423 3247 5461 non
3289 5410 3616 5474 comparent,
3669 5412 3716 5465 (1⁸

2268 5509 2459 5561 nempe
2481 5493 2570 5547 illa
2599 5495 2962 5563 supplementa
2999 5511 3117 5564 qua:
3146 5509 3268 5550 cum
3321 5491 3594 5548 asteriscis
3617 5484 3711 5541 add

2268 5583 2503 5647 fuerunt,
2535 5584 2588 5637 in
2611 5584 2816 5653 aliquot
2839 5585 3166 5655 exemplaria
3192 5584 3398 5639 invecta
3428 5587 3571 5643 sunt,
3602 5576 3716 5629 in-a

2268 5686 2370 5725 non
2399 5670 2543 5725 item.
