3878 6380
538 408 610 472 ω
1872 385 2373 447 pursuumams

540 529 730 600 pulosa
772 523 1004 580 vertendi
1051 522 1186 576 ratio
1216 535 1320 574 non
1357 520 1552 589 ubique
1577 517 1923 577 observatur,
1948 511 2073 564 hinc
2100 511 2146 566 A
2171 520 2289 600 qua:
2316 520 2345 557 a
2370 503 2700 600 lialﬁbus-ut
2729 498 3054 600 Christianae
3086 493 3218 600 fidei
3243 480 3744 600 reﬁgi-1301?:

544 621 767 673 fortasse
791 612 1052 684 quispiam
1081 610 1400 680 suspicetur,
1430 623 1492 663 ea
1515 621 1633 676 qua:
1656 603 1946 674 elegantius
1976 617 2069 655 ex-

542 708 874 776 primuntur,
903 717 1000 755 nec
1030 710 1227 755 tantam
1260 698 1546 768 prmferunt
1576 692 1880 763 interpretis
1914 690 2070 759 ἀκρί-

542 799 707 858 ϐειαν,
742 808 805 848 ex
839 792 1008 862 prima
1046 792 1161 859 ejus
1186 790 1449 852 versione,
1483 803 1601 856 qua:
1625 786 1872 840 liberiore
1900 783 2066 836 inter—

542 883 778 953 pretandi
826 896 1015 951 genere
1043 882 1297 935 adornata
1343 878 1534 941 fuerat,
1576 877 1851 943 desumpta
1879 872 2065 925 fuisse.

544 971 739 1027 Verum
767 972 941 1040 potuit
976 970 1202 1039 Aquila,
1234 970 1392 1022 etiam
1429 970 1481 1021 in
1514 966 1601 1019 illa
1635 964 1749 1017 κατ’
1793 961 2069 1032 ἀκρίϐειαν

541 1064 995 1133 interpretatione,
1019 1076 1125 1115 non
1158 1076 1367 1129 semper
1380 1060 1561 1113 eadem
1587 1056 1837 1125 religione
1867 1054 1918 1106 in
1949 1067 2069 1105 ver-

541 1152 700 1207 tendo
733 1151 812 1204 uti
858 1169 872 1203 :
923 1164 1020 1204 nec
1047 1150 1319 1203 insolitum
1362 1157 1442 1202 est
1469 1149 1781 1214 interpretes
1808 1141 2072 1211 quoslibet

542 1242 701 1296 modo
746 1242 934 1296 littera:
974 1242 1204 1304 haerere,
1254 1240 1410 1293 modo
1460 1236 1779 1306 elegantiore
1816 1234 2072 1300 interpre-

542 1334 689 1387 tandi
719 1347 912 1403 genere
942 1332 1247 1400 procedere.
1290 1331 1504 1383 Certum
1531 1327 1690 1396 igitur
1719 1325 1923 1387 habeo,
1951 1321 2071 1375 Ori-

544 1439 727 1491 genem
750 1424 802 1477 in
828 1422 980 1476 tertia
1015 1422 1366 1489 Hexaplorum
1398 1418 1644 1473 columna
1676 1413 1881 1483 Aquilae
1910 1412 2073 1465 inter-

543 1514 890 1582 pretationem
921 1514 1063 1567 illam
1092 1513 1333 1581 posuisse
1354 1552 1368 1574 ,
1407 1525 1525 1578 qua:
1572 1509 1687 1561 κατ’
1720 1504 1996 1576 ἀκρίϐειαν
2022 1511 2075 1555 et

543 1605 773 1658 secunda
816 1605 1104 1657 vocabatur
1124 1643 1137 1665 ,
1169 1614 1221 1656 et
1264 1601 1514 1654 lectiones
1560 1597 1763 1666 Aquila:
1792 1596 1908 1648 illas
1940 1608 2074 1662 quas

545 1692 835 1760 prazmissis
886 1692 1157 1746 asteriscis
1205 1690 1256 1743 iu
1302 1687 1569 1756 hexaplari
1613 1685 1716 1737 τῶν
1748 1686 1801 1735 0'
1846 1682 2075 1737 editione

543 1784 740 1851 posuit,
774 1798 838 1837 ex
866 1798 926 1836 ea
958 1783 1248 1851 accepisse.

545 1892 634 1947 ἰν.
667 1894 746 1946 Αη
777 1893 839 1947 de
867 1894 1125 1946 industria
1158 1893 1343 1961 Aquila
1380 1892 1615 1961 quaedam
1650 1888 1935 1961 Scriptura:
1962 1886 2075 1937 leca

912 1965 966 2014 in
998 1963 1159 2014 alium
1190 1960 1392 2013 sensum
1422 1960 1710 2011 detorserit.

616 2051 731 2107 Una
779 2052 879 2107 fuit
928 2063 1233 2106 sanctorum
1290 2051 1502 2103 Patrum
1550 2058 1894 2114 veterumque
1947 2059 2077 2113 pene

546 2142 781 2194 omnium
826 2155 975 2194 meus
1022 2149 1075 2193 et
1117 2139 1318 2208 opinio,
1353 2138 1594 2205 Aquilam
1643 2139 1714 2189 ob
1746 2136 1940 2188 illatam
1975 2133 2077 2187 sibi

545 2231 613 2283 ab
649 2229 898 2284 Ecclesiae
930 2228 1214 2298 praefectis,
1254 2243 1412 2295 quam
1451 2241 1610 2293 supra
1641 2225 2076 2285 memoravimus,

544 2320 921 2375 contumeliam
958 2320 1103 2387 (nam
1134 2320 1274 2387 quod
1305 2318 1378 2371 illi
1416 2332 1479 2369 ex
1512 2331 1635 2369 vero
1662 2314 1933 2384 religionis
1971 2314 2081 2381 pic—

545 2408 779 2476 tatisque
812 2408 988 2461 studio
1018 2408 1361 2469 admiserant,
1409 2407 1617 2475 injuriae
1649 2406 1767 2459 loco
1809 2403 2077 2471 habebat),

548 2496 816 2551 infensum
842 2506 1020 2564 postea
1043 2495 1361 2549 Christianae
1389 2493 1628 2562 religioni
1655 2492 1847 2556 fuisse;
1878 2506 1941 2543 ac
1964 2491 2078 2542 loca

549 2581 755 2637 Veteris
781 2583 1125 2645 'l‘estamenti,
1162 2598 1279 2650 qua:
1305 2581 1540 2635 futurum
1566 2582 1764 2635 Christi
1797 2582 2078 2635 adventum

551 2674 998 2742 praenuntiabant,
1047 2673 1111 2726 tle
1162 2673 1422 2726 industria
1482 2672 1534 2724 in
1588 2672 1933 2725 translatione
1983 2686 2079 2724 sua

468 2808 475 2811 _
550 2763 887 2830 depravasse,
930 2772 983 2814 et
1025 2762 1076 2814 in
1120 2762 1281 2815 alium
1336 2776 1551 2816 sensum
1597 2761 1902 2814 detorsisse.
1936 2760 2082 2813 Licet

550 2860 727 2902 autem
760 2865 820 2902 ea
854 2865 972 2919 qua:
1004 2850 1068 2903 de
1103 2849 1509 2903 Christianismo
1545 2850 1612 2903 ab
1657 2850 1845 2919 Aquila
1875 2850 2081 2918 ejurato

550 2939 880 3008 Epiphanius
907 2941 1123 2995 tradidit
1153 2956 1257 2993 non
1287 2942 1590 3009 suspicione
1617 2950 1823 3003 vacent,
1842 2949 1897 2993 ut
1920 2956 2080 3009 supra

550 3032 803 3095 diximus,
839 3040 1070 3085 attamen
1104 3032 1217 3085 sive
1252 3024 1283 3084 a
1318 3031 1635 3086 Christianis
1662 3032 1728 3085 ad
1754 3030 1965 3086 Judaeos
1993 3032 2082 3085 de-

552 3120 755 3186 fecerit,
800 3123 911 3175 sive
938 3120 1152 3176 Judzeus
1178 3122 1244 3175 ab
1276 3132 1461 3175 exortu
1508 3122 1686 3189 fuerit,
1719 3122 1788 3176 ob
1831 3123 2083 3176 Christia-
2108 3161 2148 3216 ϐ

551 3212 708 3265 hiemi
761 3213 941 3267 odium
971 3214 1146 3282 aliqua
1196 3215 1481 3282 Scriptura:
1530 3216 1643 3267 loca
1668 3214 1956 3268 detorsisse
1983 3230 2081 3282 pu-

549 3304 783 3358 tabatur.
823 3302 913 3358 Sic
968 3306 1230 3369 Irenaeus,
1291 3305 1582 3368 Eusebius,
1628 3304 1984 3374 Epiphanius,
2031 3315 2082 3360 et

551 3396 839 3463 aliquando
868 3393 1252 3467 Hieronymus;
1286 3398 1364 3451 sic
1390 3398 1549 3451 etiam
1575 3396 1911 3462 Philastrius,
1942 3398 2082 3450 Ana-

553 3485 751 3540 stasius
784 3485 1008 3551 Sinaita,
1034 3486 1230 3555 aliique
1260 3495 1561 3541 senserunt.
1597 3484 1787 3539 Verum
1819 3484 2081 3556 Hierony-

555 3590 696 3640 mus,
725 3576 815 3644 qui
850 3591 1029 3643 parem
1053 3577 1117 3630 de
1143 3577 1332 3645 Aquila
1365 3577 1680 3630 sententiam
1713 3576 1838 3629 alibi
1869 3576 2080 3637 tulerat,

554 3666 606 3717 in
630 3666 853 3734 epistola
884 3667 1110 3735 quadam
1142 3668 1206 3720 ad
1243 3665 1530 3720 Damasum
1562 3667 1657 3731 ait,
1681 3681 1803 3719 eum
1829 3680 1934 3718 non
1963 3683 2083 3718 con-

556 3756 786 3817 tentiose,
817 3766 874 3810 ut
921 3756 1011 3809 alii
1055 3757 1471 3821 arbitrabantur,
1508 3758 1599 3810 sed
1647 3757 1873 3809 studiose
1917 3759 2081 3810 inter-

554 3853 818 3912 pretatutn
848 3862 986 3901 esse.
1029 3845 1139 3900 lmo
1172 3846 1567 3900 Commentariis
1602 3848 1654 3900 in
1695 3845 1942 3899 Habacuc
1971 3847 2085 3900 lau-

553 3938 645 3990 dat
678 3936 847 4001 illum,
879 3938 1019 4005 quod
1053 3938 1379 4003 limaverba,
1421 3932 1670 4006 Egressus
1703 3955 1754 3990 es
1788 3938 1841 3990 in
1868 3938 2085 3990 salutem

553 4027 731 4094 populi
772 4029 866 4090 tui,
914 4028 967 4079 in
1010 4028 1227 4080 salutem
1271 4045 1386 4080 cum
1414 4027 1617 4081 Christo
1651 4038 1759 4095 tuo,
1791 4029 2084 4081 secundum

553 4114 976 4171 Christianorum
1030 4128 1259 4171 mentem
1313 4118 1677 4181 transtulerit;
1726 4133 1849 4173 cum
1900 4128 2087 4171 contra

557 4206 908 4276 Symmachus
929 4218 981 4261 et
1010 4207 1322 4271 Thcodotio,
1352 4208 1642 4261 Christiani
1672 4209 1812 4268 licet,
1840 4208 1891 4260 in
1923 4208 2083 4260 alium

556 4312 773 4350 sensum
804 4298 1138 4351 declinarint.
1174 4296 1237 4349 Et
1274 4298 1398 4350 alibi
1431 4313 1646 4365 quoque
1673 4297 1789 4365 ejus
1821 4297 2087 4352 defensio-

559 4399 677 4437 nem
717 4386 987 4453 suscipere
1032 4385 1259 4439 videtur.
1288 4384 1464 4450 Quare
1498 4385 1790 4453 putaverim
1821 4384 2085 4457 Hierony-

2168 593 2585 664 prehenduntur,
2628 593 2712 645 hic
2747 589 3024 657 proferre;
3058 595 3122 641 ut
3154 581 3532 651 exquiratur
3571 588 3723 627 nun:

2165 661 2288 737 vera
2320 682 2508 751 Aquila
2535 683 2599 735 de
2629 681 2891 737 industria
2918 681 3035 734 haec
3063 679 3135 731 ad
3167 674 3347 727 aliam
3391 672 3675 720 mentem
3714 661 3744 715 d

2165 773 2400 826 torserit.
2426 771 2526 836 Qui
2550 773 2696 839 prior
2716 770 2963 839 Aquilam
2994 765 3281 832 simulque
3307 754 3744 811 Tlieodotione

2167 863 2498 927 criminatur,
2527 870 2606 915 est
2646 861 2875 915 lrenzeus
2917 859 3011 912 lib.
3046 842 3136 920 ιη’,
3169 868 3301 920 cap.
3364 847 3478 911 24,
3512 844 3623 898 ubi
3676 842 3744 894 aii

2170 954 2289 1007 Non
2331 971 2446 1006 vera
2485 962 2560 1006 est
2604 951 2980 1020 interpretatio.
3031 961 3162 1001 ecce
3212 936 3715 999 adolescentula,

2171 1043 2483 1096 Theudotion
2519 1041 2766 1109 Ephesius
2790 1048 2836 1092 et
2866 1036 3059 1106 Aquila
3107 1033 3393 1086 Ponticus
3431 1034 3577 1081 sunt
3627 1024 3744 1076 inte

2167 1133 2378 1201 pretati.
2411 1130 2547 1182 Hinc
2582 1129 2816 1183 Ebiontei
2842 1143 2904 1180 ea:
2945 1124 3144 1193 Ioseph
3178 1132 3391 1175 natum
3435 1119 3640 1170 aiunt.
3676 1113 3744 1181 Ag

2169 1232 2254 1276 tur
2292 1222 2379 1275 hic
2425 1220 2489 1274 de
2535 1220 2737 1273 Hesaiae
2771 1220 2889 1272 loco
2920 1234 3018 1283 vn,
3053 1214 3123 1268 14
3159 1233 3172 1267 :
3207 1211 3362 1265 Ecce
3398 1214 3571 1276 virgo
3624 1220 3744 1258 com

2167 1313 2267 1379 piet
2289 1320 2336 1364 et
2360 1310 2525 1379 pariet
2545 1308 2734 1376 ﬁlium.
2761 1307 2847 1363 An
2873 1316 3050 1360 autem
3083 1313 3146 1358 ut
3168 1304 3375 1356 locum
3418 1299 3744 1365 detorquet

2168 1401 2382 1470 Aquila,
2412 1400 2489 1455 sic
2522 1400 2821 1453 versionem
2859 1413 3012 1452 suam
3053 1390 3548 1453 concinnaverit,
3582 1386 3744 1441 nesci

2172 1490 2468 1546 Verisimile
2495 1501 2671 1545 tamen
2696 1500 2777 1543 est
2803 1503 2925 1543 eum
2951 1503 2981 1541 a
3013 1501 3152 1540 voce
3184 1482 3499 1553 παρθένος
3533 1477 3744 1532 consul

2171 1582 2486 1648 declinasse,
2528 1582 2655 1651 quia
2703 1582 2801 1634 hac
2847 1579 3082 1632 maxime
3112 1573 3435 1644 prophetia
3487 1569 3740 1623 utebant

2172 1672 2460 1726 Christiani
2486 1687 2580 1741 pro
2603 1687 2700 1725 sua
2731 1669 2923 1723 tuenda
2955 1669 3077 1721 fide.
3108 1669 3235 1719 lmo
3262 1679 3381 1718 nec
3416 1677 3637 1716 vocem
3666 1662 3744 1741 air.

2177 1781 2399 1833 κρυφος,
2429 1734 2752 1824 abscondita,
2786 1775 2947 1829 quam
2982 1759 3110 1812 alibi
3145 1771 3254 1825 pro
3293 1752 3609 1808 Hebraica
3642 1734 3744 1808 fit:I

2106 1836 2515 1921 Bexprimenda
2574 1852 2808 1914 adhibet,
2856 1851 2946 1904 hic
3006 1860 3290 1915 usurpare
3356 1841 3601 1907 voluit;
3660 1856 3740 1908 qu

2176 1942 2312 1995 forte
2372 1941 2486 1994 haec
2540 1939 2906 2008 interpretatio
2955 1938 3195 2007 puellam
3229 1976 3246 1998 ,
3319 1949 3467 2003 quae
3534 1933 3744 1985 viroru

2177 2033 2411 2100 aspectui
2468 2032 2676 2084 occulta
2728 2038 3026 2095 manserat,
3078 2037 3253 2096 atque
3311 2026 3456 2080 ideo
3515 2023 3744 2094 virgine

2175 2121 2522 2190 exprimebat.

2246 2211 2506 2266 Eusebius
2551 2209 2898 2264 Caesariensis
2946 2207 3254 2261 Comment.
3314 2208 3380 2260 in
3437 2206 3655 2276 psalm.
3713 2223 3743 2260 π

2179 2305 2229 2372 ᾗ.
2261 2303 2315 2368 9,
2352 2302 2596 2370 Aquilam
2629 2310 2681 2355 et
2708 2300 3091 2370 Symmachum
3125 2298 3348 2366 carpit,
3384 2297 3552 2366 quod
3589 2297 3744 2350 docti

2178 2409 2302 2448 nam
2334 2393 2400 2447 de
2427 2392 2703 2446 Altissimo
2743 2398 2797 2445 et
2826 2389 2892 2443 de
2915 2389 3173 2452 Domino,
3207 2390 3267 2442 id
3297 2398 3397 2444 est
3428 2388 3506 2444 de
3538 2387 3716 2444 Patre

2182 2485 2332 2550 Filio,
2352 2495 2656 2554 suspectam
2681 2482 2959 2547 habentes,
2980 2480 3460 2552 ἱουδαῖκὼτερον,
3479 2483 3608 2537 sive
3630 2497 3744 2535 mm

2180 2575 2245 2629 ad
2284 2574 2558 2628 Judaicam
2605 2572 2922 2627 sententiam
2973 2572 3282 2625 accedente
3334 2574 3469 2625 haec
3516 2570 3744 2625 Hebraic

2179 2664 2338 2717 verba
2359 2672 2532 2742 131m:
2561 2669 2701 2718 rm:
2723 2643 2855 2743 μὴν
2883 2668 3031 2717 mm:
3054 2667 3175 2716 n‘lﬂ‘
3209 2669 3455 2720 ουκ-ι)
3491 2660 3580 2714 sic
3609 2668 3737 2729 trau

2181 2754 2417 2815 tulerint,
2478 2753 2667 2820 Aquila
2695 2766 2904 2819 nempe,
2936 2751 3056 2801 Ὅτι
3081 2751 3169 2815 σὺ,
3204 2751 3431 2823 Κύριε,
3471 2751 3643 2815 ἐλπίς
3669 2769 3743 2823 μο

2183 2846 2396 2913 ὕψιστον
2427 2842 2593 2912 ἔθηκα
2621 2841 3032 2910 κατοικητήριον
3065 2856 3162 2892 σου
3185 2856 3200 2872 ο
3229 2839 3537 2904 Quoniam
3575 2852 3659 2907 tu,
3685 2841 3744 2894 Di

2182 2937 2336 2997 mine,
2357 2950 2466 3002 spes
2488 2950 2620 2998 mea,
2647 2931 2961 2984 altissimum
2991 2932 3142 2999 posui
3172 2933 3589 2986 habitaculum
3618 2942 3744 2985 tamn

2186 3024 2536 3094 Symmachus
2560 3037 2706 3087 vero,
2732 3022 2802 3074 Σὺ
2824 3021 2952 3091 γὰρ,
2978 3021 3098 3086 Θεὲ,
3123 3021 3352 3089 ἀφοὸία
3385 3042 3526 3093 μου,
3551 3024 3744 3093 bibisti

2184 3110 2302 3163 ἔθου
2353 3109 2449 3178 τὴν
2486 3107 2795 3178 κατοίκησιν
2845 3124 2968 3159 σοιν
3018 3106 3096 3161 Tu
3143 3110 3328 3176 enim,
3378 3111 3559 3176 Deus,
3591 3112 3743 3181 ﬁdus.

2182 3215 2313 3263 mea,
2354 3198 2666 3250 altissimam
2698 3196 2920 3263 posuisti
2959 3197 3369 3253 habitationem
3425 3213 3607 3257 tuam.
3648 3203 3744 3269 Qui

2180 3288 2497 3342 Christianis
2543 3287 2774 3341 olﬁciant
2823 3287 3136 3355 hujnsmodi
3193 3293 3650 3358 translationes,
3684 3309 3744 3347 nc

2181 3381 2312 3433 satis
2340 3379 2622 3447 perspicio.
2658 3378 2726 3431 At
2758 3377 3024 3432 Eusebius
3069 3380 3190 3433 vult
3218 3381 3356 3441 haec
3384 3386 3564 3439 verba
3598 3404 3612 3439 :
3648 3386 3744 3450 Qui

2182 3473 2320 3522 niam
2353 3480 2429 3531 tu,
2465 3469 2701 3534 Domine,
2732 3485 2845 3537 spes
2872 3486 3006 3531 mea,
3038 3470 3388 3527 altissimum
3431 3479 3681 3546 posuisti
3713 3496 3744 3531 r.

2183 3562 2383 3630 fugiam
2412 3571 2578 3623 tuum,
2611 3570 2669 3614 ut
2698 3562 2751 3612 in
2794 3558 2931 3612 LXX
2965 3560 3245 3629 leguntur,
3291 3567 3382 3621 sic
3428 3568 3744 3636 intelligent

2183 3667 2321 3715 esse,
2355 3662 2410 3702 ut
2453 3650 2601 3715 illud,
2635 3650 2872 3715 Domine,
2905 3649 3175 3718 signiticet
3222 3651 3488 3722 Filium;
3532 3667 3591 3711 et
3634 3659 3744 3713 illuc

2185 3743 2532 3805 altissimum,
2580 3757 2735 3810 quem
2786 3754 2884 3810 pro
2931 3740 3143 3811 refugio
3186 3759 3306 3799 suo
3362 3750 3531 3817 ponit
3585 3750 3744 3804 Filius

2185 3834 2444 3902 signiﬁcet
2478 3831 2684 3886 Patrem
2723 3851 2735 3884 :
2770 3848 2876 3901 qua
2919 3833 3042 3887 data
3084 3832 3575 3903 interpretatione
3616 3857 3744 3911 mag

2184 3923 2488 3977 Arianismo
2533 3921 2708 3975 favere
2752 3922 2960 3975 videtur
3002 3920 3313 3992 Eusebius,
3363 3930 3537 3999 cujus
3588 3947 3744 4001 scopi

2185 4023 2265 4066 est
2299 4012 2459 4065 Deum
2503 4010 2693 4065 Filium
2743 4012 2901 4080 longe
2952 4011 3224 4066 minorem
3288 4014 3414 4071 Deo
3461 4019 3636 4076 Patre
3681 4032 3744 4077 διε

2189 4112 2356 4164 tuere,
2384 4118 2541 4171 quam
2570 4102 2760 4170 Aquila
2795 4110 2848 4155 et
2878 4101 3247 4172 Symmachus
3279 4106 3622 4168 Judaismo.

2258 4189 2705 4263 llieronymusin
2753 4188 2996 4241 Hesaiam
3051 4205 3173 4256 cap.
3228 4207 3403 4263 xux,
3460 4198 3518 4263 5,
3573 4200 3630 4252 in
3681 4199 3744 4251 ha

2187 4280 2346 4333 verba
2376 4285 2513 4360 ι’]ῠιιιν
2540 4261 2611 4334 n5
2636 4260 2858 4341 θΝἽωθῚ,
2890 4276 2979 4329 ubi
3021 4276 3220 4345 Aquila
3254 4260 3464 4352 vertit,
3501 4260 3575 4342 Et
3621 4288 3744 4342 lsra

2188 4375 2235 4426 ei
2255 4369 2667 4440 congregabitur,
2698 4369 2809 4422 haec
2837 4370 3074 4421 adnotat.
3109 4369 3189 4422 De
3216 4373 3442 4443 Aquila
3472 4390 3660 4433 autem
3692 4399 3744 4434 η(

559 4488 729 4536 mum,
773 4474 826 4526 in
861 4474 979 4528 aliis
1014 4475 1143 4528 locis
1176 4476 1267 4528 ubi
1296 4476 1539 4544 Aquilam
1570 4477 1724 4543 quasi
1767 4475 2082 4532 Christianis

2190 4465 2368 4528 miror,
2399 4462 2533 4530 quod
2562 4460 2710 4512 homo
2741 4459 3126 4513 eruditissimus
3166 4461 3391 4531 lingua:
3422 4469 3715 4526 llebratca:
3741 4496 3743 4519 t

558 4561 826 4616 infensum
880 4579 1100 4631 carpere
1128 4565 1356 4626 videtur,
1391 4579 1455 4617 ex
1505 4566 1704 4635 vulgari
1737 4566 1961 4619 aliorum
1996 4567 2086 4635 qui

557 4663 941 4722 praecesserant
996 4654 1257 4708 sententia
1313 4656 1549 4709 locutum
1605 4672 1753 4724 esse;
1805 4658 2091 4727 ipsumque

561 4754 758 4808 tamen,
787 4744 877 4813 qui
904 4743 1024 4813 plus
1056 4760 1218 4813 quam
1254 4745 1426 4799 caeteri
1453 4761 1640 4799 omnes
1665 4746 1869 4816 Aquila:
1899 4748 2093 4800 versio-

562 4849 682 4887 nem
728 4843 1065 4899 tractaverat,
1097 4836 1200 4889 alia
1242 4836 1491 4905 opinione
1538 4836 1723 4891 fuisse.
1769 4837 1979 4907 Aquila,
2013 4839 2091 4890 in-

562 4925 680 4993 quit
706 4924 756 4975 in
785 4926 1006 4992 epistola
1034 4927 1101 4980 ad
1128 4926 1442 4993 Damasum,
1464 4929 1551 4996 qui
1576 4945 1676 4981 non
1699 4931 2088 4990 contentiosius,

560 5023 618 5066 ut
648 5013 858 5081 quidam
890 5027 1092 5082 putant,
1121 5017 1209 5070 sed
1241 5018 1521 5071 studiosius
1551 5018 1751 5071 verbum
1784 5020 2091 5087 interpreta-

565 5112 650 5155 tur
673 5102 739 5155 ad
776 5102 999 5157 verbum.
1036 5105 1101 5159 Et
1122 5107 1175 5159 in
1216 5108 1439 5176 epistola
1468 5108 1533 5161 ad
1568 5108 1869 5162 Marcellam
1920 5128 1931 5161 :
1969 5108 2093 5160 Jam

563 5193 760 5261 pridem
774 5208 887 5244 cum
905 5192 1242 5249 voluminibus
1257 5196 1591 5252 Hebraeorum
1606 5199 1881 5252 editionem
1892 5201 2096 5268 Aquila?

562 5280 792 5349 confero,
836 5298 898 5334 ne
944 5284 1070 5350 quid
1107 5297 1313 5354 propter
1354 5290 1531 5342 odium
1577 5288 1773 5343 Christi
1820 5289 2096 5359 Synagoga

562 5371 877 5431 mutaverit;
906 5380 975 5432 et,
1005 5382 1061 5424 ut
1093 5376 1272 5428 amica:
1305 5380 1457 5430 menti
1499 5379 1689 5446 fatear.
1731 5394 1844 5446 quae
1885 5379 1952 5430 ad
2004 5396 2098 5430 uo-

563 5475 724 5513 stram
748 5459 900 5530 ﬁdem
921 5464 1204 5529 pertineant
1245 5467 1583 5519 roborandam
1605 5469 1757 5536 plura
1781 5471 1992 5536 reperio.

568 5550 629 5604 ν.
667 5550 1043 5629 inpendi-tatur
1087 5554 1212 5629 loca
1227 5556 1312 5609 ubi
1342 5558 1553 5626 Aquila,
1576 5562 1727 5629 quasi
1752 5561 1812 5612 ob
1842 5559 2098 5614 Christia-

638 5622 790 5671 nismi
807 5620 997 5673 ~odium
1032 5622 1165 5676 male
1196 5620 1600 5695 interpretatus,-
1618 5629 2024 5697 reprehenditur.

637 5708 677 5760 Ε
702 5722 756 5763 re
780 5718 953 5764 autem
980 5710 1266 5770 fueritloca
1287 5716 1373 5770 illa
1397 5717 1855 5787 interpretationis
1871 5716 2094 5787 Aquilte,

2192 4557 2286 4608 hoc
2308 4555 2417 4606 loco
2448 4562 2537 4604 aut
2560 4551 2821 4604 simularit
2854 4551 3197 4618 imperitiam,
3229 4568 3340 4609 aut
3370 4558 3737 4617 P/turisworu

2190 4659 2425 4714 perversa
2452 4640 2870 4707 interpretatione
2898 4639 3136 4706 deceptus
3167 4651 3267 4704 stt,
3300 4650 3401 4716 qui
3437 4652 3744 4721 interpreta

2191 4735 2372 4797 voluit,
2396 4741 2449 4785 et
2480 4730 2640 4784 Israel
2668 4730 2714 4783 ei
2743 4728 3173 4797 congregabitur,
3207 4730 3320 4786 hoc
3347 4748 3458 4803 est,
3490 4740 3604 4795 Deo
3629 4759 3650 4796 ς
3675 4760 3737 4796 cu

2191 4826 2395 4879 verbum
2429 4822 2742 4875 Hebraicum
2773 4834 2858 4881 ιο,
2884 4818 2937 4869 in
2970 4817 3065 4868 hoc
3094 4818 3208 4870 loco
3243 4838 3364 4877 non
3389 4830 3679 4884 scribatur
3701 4849 3744 4901 p4

2193 4931 2361 4970 LAIIED
2392 4925 2437 4966 et
2479 4927 2601 4977 van,
2632 4909 2766 4979 quod
2807 4908 2851 4961 si
2889 4916 3040 4972 esset,
3067 4907 3420 4977 signiﬁcaret
3469 4923 3523 4974 ei
3556 4922 3639 4975 vel
3672 4923 3744 4977 illi

2193 5008 2280 5061 sed
2302 5020 2404 5073 ,ρει-
2426 5017 2596 5055 ιλιιει)
2631 5014 2818 5064 Αιειιιι,
2848 5005 2982 5067 quod
3021 5001 3230 5067 proprie
3267 5017 3440 5060 sonat
3475 5026 3616 5065 ηοη,
3664 5010 3744 5065 Ηςι

2193 5106 2354 5161 porro
2383 5088 2612 5142 varietas
2640 5085 3141 5154 interpretationum
3178 5102 3242 5141 ex
3280 5097 3572 5153 varietate
3597 5100 3744 5154 ιεειί(

2195 5199 2319 5261 num
2349 5181 2489 5234 haud
2518 5179 2676 5261 dubie
2696 5176 2932 5247 profecta
2966 5184 3087 5231 est:
3120 5194 3244 5232 nam
3287 5186 3404 5239 alia
3436 5193 3744 5261 exemplari

2195 5255 2284 5335 te"),
2305 5277 2357 5323 et
2385 5269 2487 5322 alia
2526 5250 2578 5326 ὑ
2609 5267 2893 5329 habebant,
2930 5266 3194 5334 hodieque
3228 5267 3287 5322 in
3322 5271 3529 5332 Bibliis
3568 5250 3744 5335 hiassc

2198 5359 2375 5414 reticis
2408 5357 2598 5426 legitur
2615 5340 2687 5415 κθ
2706 5364 2757 5411 et
2779 5356 2831 5409 in
2859 5355 3097 5424 margine
3121 5361 3222 5441 31p
3235 5341 3315 5416 ἦ.
3341 5360 3463 5419 Nec
3491 5370 3744 5439 quidpiat

2199 5448 2321 5501 hinc
2349 5447 2399 5498 in
2427 5447 2651 5515 gratiam
2679 5445 2984 5502 Judaeorum
3020 5445 3198 5516 colligi
3234 5460 3450 5518 potest,
3485 5462 3642 5526 quod
3671 5477 3744 5515 no

2198 5538 2250 5591 in
2293 5536 2413 5590 aliis
2439 5535 2732 5606 Scripturze
2761 5540 2893 5594 locis
2920 5536 3118 5594 centies
3147 5538 3445 5601 habeatur.

2263 5626 2588 5684 Philastrius
2623 5629 2919 5688 Brixiensis
2957 5631 3027 5684 De
3059 5628 3372 5698 htcresibus,
3406 5635 3681 5706 Aquilam
3725 5640 3743 5695 i

2198 5717 2399 5774 crimen
2440 5729 2618 5790 vocat,
2643 5724 2787 5794 quod
2827 5724 3035 5797 psalmo
3060 5738 3117 5790 ιι,
3146 5738 3198 5777 v.
3231 5721 3287 5788 2,
3332 5726 3433 5781 ubi
3468 5726 3623 5786 LXX
3658 5747 3744 5788 vet
