3878 6350
531 347 600 408 87
1840 348 2342 405 pumuumuu

532 468 601 521 ad
634 467 844 522 Iudaeos
884 467 1190 529 descivisse,
1230 467 1553 537 reductoque
1593 473 1882 525 secundum
1915 474 2054 527 iuius
2088 488 2125 540 Α
2157 473 2290 523 tione
2320 467 2571 520 narrarit.
2621 464 2768 518 llaric
2801 474 3127 528 germanam
3184 466 3556 511 veramque
3602 461 3725 504 tem

534 558 787 625 temporis
815 571 966 609 usum
1000 559 1277 625 praeputio,
1305 569 1355 613 et
1383 572 1594 628 accepta
1623 562 1799 615 denuo
1828 564 2056 615 circum-

533 648 756 713 cisione,
789 647 924 699 inter
955 644 1166 702 Judzeos
1193 658 1632 703 connumeratum
1667 651 1847 705 fuisse.
1877 652 2058 704 llacte-

534 754 634 792 nus
660 738 836 790 omnia
881 738 1160 805 quadrant.
1202 738 1256 791 ln
1284 740 1383 793 hoc
1417 749 1591 793 tamen
1626 742 1798 794 dill‘ert
1845 743 1911 794 ah
1951 741 2059 793 Eu-

535 827 680 881 sebio
725 836 777 878 et
833 825 1173 897 Hieronymo,
1221 835 1360 898 quod
1410 831 1460 883 hi
1504 830 1833 894 Ebionreum,
1867 833 1916 884 id
1956 840 2055 896 est,

534 913 1045 968 senii-Christianum
1086 923 1141 970 et
1180 915 1596 986 semiJudmuni,
1647 918 1842 973 factum
1893 919 2058 975 fuisse

532 1004 746 1069 dicant;
775 1003 1101 1073 Epiphanius
1131 1020 1257 1060 vero
1298 1005 1365 1060 ad
1418 1004 1627 1061 Judaaos
1665 1009 1970 1071 descivisse,
2006 1018 2059 1062 et

532 1094 669 1147 inter
721 1091 932 1148 Indicos
993 1094 1159 1149 fuisse
1207 1108 1647 1152 connumeratum
1704 1109 1902 1152 narret.
1955 1098 2055 1151 Sed

534 1183 747 1238 Eusebii
775 1194 826 1237 et
859 1183 1164 1255 Hieronymi
1199 1189 1515 1243 testimoniis
1548 1189 1793 1243 standum
1826 1204 1943 1243 esse
1978 1190 2056 1241 vi-

532 1272 684 1325 detur
717 1290 730 1325 :
763 1273 958 1341 quippe
997 1274 1087 1342 qui
1127 1274 1319 1329 librum
1355 1274 1655 1346 Symmachi
1688 1276 1935 1342 viderint,
1968 1278 2057 1331 ubi

535 1377 596 1416 cx
628 1362 913 1432 Evangelia
946 1361 1173 1419 Matthxi
1214 1364 1576 1420 Ebionitarum
1604 1368 1792 1436 dogma
1820 1382 2059 1421 asserere

534 1452 818 1507 nitebatur.
862 1453 1013 1518 Quod
1060 1469 1189 1509 sane
1233 1455 1443 1509 nonnisi
1486 1456 1745 1509 Ebionita:
1776 1456 2060 1510 convenire

534 1551 721 1608 potest.
761 1541 880 1596 Mox
925 1553 1099 1596 autem
1138 1543 1463 1612 Epiphanius
1493 1546 1657 1613 probe
1691 1548 1915 1614 positam
1950 1562 1980 1598 a
2003 1561 2060 1600 se

535 1632 893 1702 chronologize
936 1644 1113 1688 notam
1142 1636 1368 1702 ,evcrtit,
1411 1650 1531 1688 cum
1582 1636 1702 1689 ait:
1737 1635 1864 1689 Post
1905 1636 2059 1701 hunc,

539 1722 744 1775 tantillo
785 1724 956 1792 elapso
998 1736 1239 1794 tempore.
1278 1727 1369 1778 Itoc
1394 1736 1467 1779 est
1499 1727 1778 1779 Commodo
1818 1727 2058 1789 secundo,

2159 573 2274 609 rum
2305 557 2559 608 rationem
2583 554 2648 605 ab
2672 551 2970 620 Epiphanio
2997 564 3058 601 se
3091 542 3421 609 accepisse
3456 540 3733 602 testiﬂca

2157 647 2241 699 ille
2279 664 2292 698 :
2340 644 2479 697 unde
2523 643 2746 696 fortasse
2792 639 3038 708 suspicio
3076 635 3348 689 oriatur,
3394 625 3723 699 Epiphani

2156 738 2223 790 ab
2276 735 2519 801 imperito
2570 734 2799 802 quodam
2854 730 3080 784 homine
3133 722 3429 776 vitiatum
3499 719 3710 773 luisse

2157 827 2549 896 exemplaribus
2572 842 2687 894 quae
2713 825 2774 877 ad
2808 838 2908 876 nos
2939 822 3334 877 devenerunt,
3373 822 3736 866 auctorem:

2157 918 2394 972 Chronici
2446 916 2787 969 Alexandrini
2834 913 2994 979 longe
3047 908 3286 959 diverso
3349 899 3716 969 exemplari

2156 1008 2368 1076 quidem
2413 1006 2770 1059 cmendatiore
2820 1017 2977 1055 usum
3032 1012 3184 1050 esse.
3244 992 3372 1045 Sed
3422 993 3586 1044 huic
3629 1006 3738 1044 sus

2157 1099 2296 1152 cioni
2328 1098 2620 1150 reclamare
2656 1096 2864 1148 videtur
2895 1090 3066 1144 editio
3105 1083 3444 1154 Epiphanii
3498 1081 3742 1135 hodieri

2158 1189 2312 1256 cujus
2342 1187 2498 1240 verba
2539 1186 2721 1239 Latine
2758 1195 2964 1237 tantum
3010 1176 3328 1232 brevitatis
3368 1188 3577 1227 causa
3624 1188 3740 1240 pro

2158 1279 2326 1331 rimus
2360 1296 2372 1329 :

2225 1368 2353 1420 Post
2405 1366 2647 1434 Aquilam
2702 1366 2834 1416 hunc
2882 1377 2930 1415 et
2986 1361 3142 1412 illius
3208 1356 3733 1424 interpretatione

2162 1458 2392 1509 Adriano
2418 1456 2718 1524 imperatori
2760 1452 2987 1505 succedit

2229 1547 2515 1599 Antoninus
2537 1545 2830 1614 cognomine
2854 1542 3068 1607 l’ius,et
3096 1544 3347 1610 imperat
3379 1553 3590 1590 amms
3622 1537 3736 1603 vigi

2161 1637 2309 1690 duos.

2235 1726 2384 1779 llunc
2428 1727 2614 1792 excipit
2655 1722 2988 1785 Caracallus,
3019 1721 3113 1789 qui
3162 1728 3216 1771 et
3263 1716 3442 1781 Geta,
3479 1725 3541 1768 et
3578 1714 3723 1766 Mar

535 1811 628 1864 τοῦ
660 1813 928 1883 δευτέρου,
961 1815 1260 1883 imperante,
1285 1817 1373 1884 qui
1404 1827 1514 1884 post
1547 1816 1764 1868 Lucium
1798 1816 2062 1869 Aurelium
2096 1803 2137 1855 Β
2161 1816 2406 1870 Aurelius
2446 1813 2603 1866 Verus
2633 1812 2927 1871 dicebatur,
2957 1810 3120 1862 annis
3154 1819 3399 1875 septem.

537 1900 890 1965 Commodum,
917 1906 1153 1957 tredecim
1169 1908 1318 1958 annis
1345 1906 1629 1974 imperavit,
1665 1905 1940 1958 Tlteodotio
1955 1906 2064 1973 qui-

535 1991 674 2055 dam,
710 2008 885 2059 genere
917 1992 1181 2058 Ponticus,
1208 2010 1270 2046 ea:
1304 1994 1584 2047 Marcionis
1612 1995 1966 2048 hmresiarcha:
1990 1995 2066 2062 fa-

536 2082 722 2145 ctione,
739 2099 853 2134 cum
877 2083 1059 2143 Itwresi
1079 2100 1186 2137 sua:
1206 2094 1541 2151 succenseret,
1554 2086 1621 2137 ad
1632 2084 1843 2139 Iudaeos
1858 2087 2061 2153 defecit.

536 2168 654 2234 Quo
681 2173 858 2239 posito
891 2173 1117 2239 calculo,
1150 2173 1518 2242 interpretatio
1551 2175 1650 2227 sub
1683 2175 1878 2228 Severo
1903 2174 2062 2237 facta,

535 2268 689 2313 aetate
715 2262 1044 2329 praecesserit
1077 2278 1192 2316 eam
1224 2279 1342 2332 qua:
1382 2265 1484 2318 sub
1519 2263 1813 2318 Commodo
1845 2265 2064 2318 conciu-

538 2358 660 2404 nata
702 2359 803 2413 est,
835 2367 953 2420 qua:
995 2361 1119 2406 sunt
1162 2354 1565 2424 ἀπροσδιόνυσα.
1602 2355 1735 2408 Cum
1772 2356 2063 2424 praesertim

536 2440 624 2493 ille
669 2439 1016 2495 Commodum
1070 2442 1310 2512 designet
1351 2459 1470 2497 eum
1507 2446 1599 2513 qui
1629 2446 1879 2499 tredecim
1910 2447 2065 2500 annis

537 2526 832 2593 imperavit,
854 2530 938 2582 cui
963 2540 1081 2597 post
1109 2530 1436 2586 Pertinaccm
1458 2544 1510 2588 et
1539 2532 1748 2588 Didium
1774 2533 2062 2599 lulianum,

537 2616 631 2684 qui
656 2619 839 2684 paucis
874 2620 1150 2673 mensibus
1181 2631 1488 2689 regnarunt,
1525 2624 1785 2677 successit
1817 2623 2062 2678 Severus.

537 2701 688 2759 Hane
740 2720 863 2759 vero
905 2706 1262 2777 chronologiae
1309 2712 1563 2764 rationem
1612 2712 1717 2764 alio
1767 2724 2067 2766 commento

539 2808 779 2849 asserere
809 2797 994 2849 nititur
1026 2810 1213 2852 auctor
1246 2800 1513 2869 Epitomes
1537 2802 1657 2855 libri
1691 2801 1746 2855 S.
1785 2803 2065 2871 Epiphanii

539 2882 615 2937 De
646 2886 915 2949 mensuris,
946 2902 1103 2954 quam
1129 2888 1265 2941 infra
1294 2891 1535 2952 edemus,
1560 2907 1680 2944 cum
1706 2892 1800 2958 ait,
1830 2891 2069 2962 Symma-

540 2974 698 3028 chum
742 2980 1037 3031 versiouem
1072 2996 1221 3034 suam
1256 2982 1484 3036 edidisse
1512 2984 1612 3036 sub
1639 2984 1931 3036 Commodo
1968 2983 2064 3036 Se-

538 3079 691 3128 vero;
723 3065 1138 3124 Theodotionem
1167 3086 1292 3124 vero
1331 3073 1430 3126 sub
1456 3073 1750 3127 Commodo
1787 3077 2020 3128 secundo
2050 3094 2062 3129 :

539 3172 658 3225 qua:
689 3172 819 3211 sane
848 3167 1013 3212 ruunt
1042 3169 1095 3213 rt
1128 3162 1422 3215 consistere
1451 3178 1555 3216 non
1586 3173 1808 3232 possunt
1844 3183 1856 3217 :
1890 3165 2066 3219 nullus

538 3247 679 3298 enim
728 3247 1050 3303 (loinmodus
1100 3251 1326 3305 Severus
1366 3254 1655 3319 imperator
1705 3254 1837 3319 fuit,
1888 3255 2066 3308 nullus

541 3344 657 3402 post
681 3351 801 3388 eum
835 3335 1162 3391 Commodus
1185 3341 1450 3396 secundus
1481 3344 1706 3397 exstitit.

541 3467 601 3520 ll.
630 3467 824 3521 Auctor
856 3465 1138 3537 Synopseos
1183 3470 1458 3539 Epiphanii
1485 3490 1706 3527 errorem
1746 3477 1962 3529 sensisse
1992 3477 2067 3529 vi-

1213 3542 1375 3593 detur.

608 3652 809 3706 Auctor
856 3667 982 3706 vero
1023 3650 1341 3720 Synnpseos,
1384 3668 1542 3719 quam
1588 3651 1721 3705 falso
1780 3654 2065 3720 ascriptum

541 3742 835 3799 Athanasio
872 3753 1140 3812 putamus,
1164 3757 1226 3796 ex
1264 3742 1558 3812 Epiphanio
1582 3744 1794 3811 quidem
1825 3744 2069 3799 hausisse

540 3835 769 3897 videtur,
823 3843 881 3887 ut
930 3848 992 3887 ex
1040 3835 1322 3888 verborum
1375 3833 1722 3886 similitudine
1772 3835 2065 3902 probatur;

541 3924 631 3978 sed
664 3924 774 3978 sive
811 3922 1092 3991 Epiphami
1125 3938 1361 3977 errorem
1397 3925 1642 3985 senserit,
1680 3923 1790 3976 sive
1816 3924 2067 3974 emenda—

541 4012 676 4065 tiore
705 4010 812 4064 alio
858 4010 1146 4078 exemplari
1175 4010 1247 4063 sit
1294 4025 1442 4070 usus,
1473 4010 1524 4061 in
1574 4010 1713 4063 notis
1754 4017 1808 4061 et
1854 4010 2069 4062 calculis

541 4100 654 4154 suis
672 4115 701 4153 a
727 4115 848 4152 vera
870 4100 1229 4168 chronologite
1244 4098 1450 4152 ratione
1478 4099 1654 4152 minus
1686 4097 1884 4151 recedit
1905 4113 2065 4165 quam

542 4188 869 4255 Epiphanius
921 4189 1044 4241 :ait
1083 4187 1224 4239 enim
1275 4186 1651 4255 Symmachum
1704 4187 1804 4241 sub
1850 4185 2066 4247 Severo,

543 4273 960 4332 Theodotionem
1007 4279 1108 4332 sub
1148 4277 1440 4331 Commodo
1485 4278 1886 4345 interpretatum
1927 4292 2068 4338 esse,

540 4367 599 4422 ἐν
629 4366 774 4437 αὐτῷ
803 4367 880 4437 τῷ
906 4368 1102 4439 χρόνῳ,
1127 4368 1301 4418 eodem
1332 4378 1585 4431 tempore;
1619 4365 1710 4433 qui
1742 4379 1865 4416 vera
1894 4363 2070 4416 dicere

541 4460 882 4527 compcritur,
911 4457 955 4510 si
982 4457 1144 4509 addas
1173 4454 1392 4506 circiter.
1426 4452 1535 4505 lmo
1564 4455 1725 4507 etiam
1750 4453 1864 4506 sine
1886 4451 2064 4504 addito

541 4562 700 4619 atque
720 4554 1138 4617 temperamento
1157 4546 1259 4601 dici
1292 4545 1425 4599 forte
1449 4553 1618 4613 potest
1650 4541 2064 4597 Theodotionem

540 4651 594 4696 et
618 4640 998 4711 Symmachum
1021 4636 1206 4691 eodem
1237 4645 1474 4705 tempore
1494 4636 1758 4689 vertendae
1784 4631 2069 4699 Scriptum

541 4746 708 4786 sacra:
737 4730 1039 4793 insudasse,
1071 4727 1164 4781 sed
1193 4726 1263 4780 ita
1302 4737 1361 4780 ut
1392 4724 1689 4779 Theodotio
1716 4723 1887 4791 prius,
1920 4720 2068 4790 Sym-

544 4824 763 4877 machus
794 4829 968 4875 autem
998 4818 1209 4873 modico
1237 4826 1358 4885 post
1390 4825 1626 4883 tempore
1668 4814 2066 4880 interpretatio-

543 4924 663 4962 nem
690 4925 840 4963 suam
868 4909 920 4963 iu
950 4909 1120 4963 lucem
1148 4905 1443 4960 emiserint.

543 5036 629 5095 Ill.
688 5039 968 5094 Chronicon
1031 5040 1438 5094 Alexandrinum
1499 5054 1720 5092 errorem
1789 5034 2069 5103 Epiplianii

982 5111 1289 5173 emendavit,
1333 5121 1387 5162 ut
1423 5120 1473 5161 et
1519 5109 1653 5161 Ado.

613 5217 811 5271 Anetor
860 5232 986 5270 vero
1037 5218 1274 5272 Chronici
1338 5219 1715 5279 Alexandrini,
1783 5223 2063 5284 postquam

543 5303 922 5362 Theodotionis
949 5309 1230 5364 editionem
1255 5314 1306 5363 in
1330 5327 1526 5365 annum
1551 5308 1827 5363 Commodi
1856 5318 2063 5361 sextum

544 5400 871 5462 contulerat;
900 5406 952 5452 et
1002 5409 1202 5467 postea,
1240 5404 1427 5458 ordine
1457 5403 1710 5472 temporis
1749 5398 2063 5468 procedens,

546 5490 849 5561 Symmachi
886 5490 1366 5558 interpretationem
1407 5509 1546 5553 anno
1590 5493 1768 5547 Severi
1813 5501 1954 5541 nono
1984 5485 2054 5536 la-

542 5592 682 5633 etam
719 5579 940 5638 dixerat,
968 5579 1035 5630 sit
1068 5578 1301 5632 claudit:
1340 5580 1462 5634 Htrc
1491 5580 1809 5651 Epiphanius
1844 5573 2064 5643 Cyprius

540 5669 603 5723 tle
632 5669 793 5722 tribus
819 5669 1174 5735 interpretibus
1202 5668 1410 5736 Aquila,
1440 5671 1743 5741 Symmacho
1769 5677 1815 5722 et
1839 5663 2065 5719 Theodo-

2233 1906 2404 1973 Hujus
2432 1915 2654 1971 tempore
2689 1901 2955 1969 imperavit
2986 1909 3034 1951 et
3069 1898 3284 1950 Lucius
3315 1894 3616 1948 Aurelius
3654 1894 3734 1948 Co

2161 1998 2362 2060 modus,
2392 1997 2540 2048 annis
2569 1994 2777 2062 perinde
2802 2002 3014 2060 septem.

2232 2088 2485 2142 Pertinaa:
2510 2083 2768 2137 mensibus
2800 2097 2910 2134 sea).

2233 2179 2447 2234 Severus
2487 2176 2635 2229 annis
2664 2173 2967 2226 octodecim.

2234 2269 2404 2336 llujus
2434 2283 2586 2336 porro
2617 2264 2788 2318 Severi
2834 2260 3185 2328 temporibus,
3220 2258 3639 2329 Symmachus
3694 2277 3730 2327 q

2164 2359 2283 2410 dam
2333 2355 2697 2409 Samaritanus
2748 2352 2971 2413 exstitit,
3003 2366 3069 2403 ex
3127 2367 3326 2403 eorum
3393 2368 3679 2415 numero,
3729 2382 3734 2399 .

2163 2446 2300 2513 apud
2327 2445 2444 2497 illos
2473 2444 2724 2511 sapientes
2748 2440 3024 2499 habentur,
3058 2447 3278 2504 ctc.,ut
3315 2455 3518 2509 supra
3551 2456 3731 2493 narra

2165 2550 2304 2588 mus.
2342 2534 2628 2601 Postquam
2665 2546 2792 2584 vero
2841 2528 3161 2598 Symmachi
3217 2531 3564 2585 historiam
3608 2540 3738 2585 texu

2165 2625 2234 2679 ita
2260 2624 2428 2691 pergit
2453 2640 2466 2675 :

2234 2713 2359 2765 Post
2407 2712 2538 2764 (tunc
2567 2726 2594 2763 e
2638 2710 2848 2777 vestigio
2878 2706 3228 2776 subsequenti
3275 2719 3580 2775 tempore,
3618 2709 3681 2762 id
3714 2725 3736 2761 ε

2165 2805 2304 2856 circa
2338 2802 2610 2869 imperium
2661 2798 2933 2852 Commodi
2980 2800 3234 2860 secundi,
3270 2802 3388 2867 qui
3424 2810 3559 2869 post
3605 2818 3732 2869 pra’.

2165 2902 2302 2945 ctum
2328 2890 2541 2942 Lucium
2573 2887 2844 2940 Aurelium
2872 2886 3233 2939 Commodum
3262 2889 3597 2957 imperarit
3630 2903 3736 2944 trec

2166 2984 2264 3035 cim
2312 2982 2483 3041 annis,
2518 2978 2796 3031 Thcodotio
2843 2978 3059 3046 quidam
3107 2976 3439 3039 Ponticus.
3477 2998 3553 3034 ea:
3593 2999 3734 3035 sum

2165 3074 2303 3124 sione
2331 3069 2613 3124 Marcionis
2636 3066 2991 3120 Iavresiarclue
3010 3064 3386 3136 Sinopensis,
3424 3081 3542 3125 etc.
3574 3082 3642 3126 ut
3669 3071 3735 3124 Tt

2093 3134 2133 3188 θ
2168 3163 2452 3214 immanem
2481 3166 2640 3211 rectze
2669 3156 3030 3223 chronologire
3055 3160 3487 3227 eversionem,
3522 3171 3642 3216 tam
3672 3179 3736 3232 pr

2166 3259 2432 3319 posteram
2486 3248 2870 3315 imperatorum
2923 3246 3345 3304 Romanorum
3410 3255 3738 3313 enumerati

2167 3357 2308 3405 nem,
2337 3340 2420 3394 vel
2463 3355 2494 3392 a
2541 3338 2795 3401 librariis,
2832 3337 2967 3391 vela
2999 3341 3335 3396 temerario
3374 3347 3664 3414 quopiam
3706 3346 3737 3398 h

2164 3431 2326 3493 mine,
2373 3430 2425 3482 in
2483 3436 2683 3480 textum
2739 3425 3018 3494 Epiphanii
3066 3426 3403 3486 inductam
3475 3433 3663 3488 fuisse
3711 3450 3740 3486 v

2166 3522 2456 3575 crederem.
2498 3516 2729 3586 Verique
2767 3516 2998 3569 similius
3034 3531 3168 3571 esse
3212 3522 3523 3589 arbitror,
3564 3523 3743 3595 Epiph

2165 3607 2713 3675 nium,indiligentem
2740 3620 2869 3659 sane
2895 3604 3365 3680 chronologum,
3407 3629 3549 3668 cum
3587 3624 3742 3683 puta]

2168 3696 2470 3765 Symmachi
2502 3695 2811 3758 editionem,
2857 3693 2985 3762 quia
3024 3703 3157 3750 ante
3180 3696 3644 3761 Theodotionis
3690 3722 3746 3759 vr

2166 3788 2369 3840 sionem
2411 3785 2462 3836 in
2508 3782 2756 3852 llexaplis
2792 3783 3113 3853 ponebatur,
3147 3800 3303 3846 esse
3345 3794 3463 3849 hac
3520 3797 3746 3866 antiqui

2165 3888 2311 3938 rem,
2365 3880 2423 3926 ut
2474 3872 2596 3925 huic
2650 3871 2889 3940 opinioni
2948 3870 3243 3929 calculum
3327 3887 3746 3939 accommoda;

2165 3978 2341 4028 suum,
2361 3963 2494 4014 hanc
2514 3961 2671 4014 rebus
2691 3969 2743 4013 et
2764 3961 3094 4029 temporibus
3113 3973 3653 4030 perturbationem
3673 3986 3746 4031 au

2166 4055 2329 4107 lisse:
2362 4065 2482 4103 nam
2517 4050 2605 4102 ubi
2637 4057 2842 4118 postea,
2871 4066 2979 4104 non
3008 4052 3209 4109 multis
3246 4058 3643 4134 interpositis
3681 4084 3746 4121 ve

2167 4144 2268 4207 bis,
2298 4141 2679 4202 imperatorum
2709 4140 2901 4194 seriem
2952 4144 3171 4210 repetit,
3211 4163 3345 4208 eos
3380 4172 3493 4212 suo
3540 4174 3688 4228 pene
3717 4176 3746 4213 ο

2165 4232 2275 4286 dini
2302 4229 2554 4291 restituit,
2580 4230 2705 4296 quia
2732 4231 2877 4283 nulla
2907 4231 3048 4286 facta
3081 4233 3460 4305 Symmachi
3487 4249 3746 4303 ιηεηιίοη

2167 4320 2297 4372 nihil
2312 4318 2551 4386 opinioni
2582 4333 2692 4371 suae
2712 4334 3017 4390 repugnans
3046 4324 3471 4403 offerebatur;
3504 4340 3591 4395 sic
3617 4351 3745 4394 mue

2093 4444 2141 4500 ο
2169 4410 2364 4462 habet:
2396 4407 2525 4461 Post
2552 4409 2870 4463 Antoninum
2906 4411 3066 4467 Pium
3100 4431 3384 4486 regnavit
3423 4429 3662 4485 Μαι-ειη
3689 4433 3746 4485 Α,

2168 4500 2327 4553 relius
2353 4498 2664 4563 Antoninus,
2690 4502 2777 4567 qui
2799 4511 2849 4554 et
2892 4501 3073 4572 Verus,
3100 4513 3282 4567 annis
3317 4524 3722 4580 ηουεηιάεεεηι,

2240 4587 2365 4641 Post
2397 4588 2529 4641 hunc
2555 4589 2871 4643 Commodes
2898 4596 3036 4648 alius
3068 4598 3325 4667 impera:
3348 4612 3519 4666 αηηίε
3543 4630 3673 4678 χιιι,
3702 4632 3744 4667 ε,

2156 4679 2248 4746 jus
2286 4686 2506 4745 tempore
2550 4680 2791 4745 ﬂoruisse
2841 4684 3076 4741 diximus
3130 4689 3588 4757 ΤΙιεοάοιίοηεηι
3619 4746 3635 4772 ,
3694 4723 3735 4775 q,

2088 4780 2114 4805 δ
2165 4776 2403 4836 quartam
2425 4769 2901 4838 interpretationem
2933 4779 3122 4835 edidit.

2234 4857 2572 4912 Commodum
2594 4862 2729 4916 hunc
2757 4868 2953 4936 excipit
2974 4869 3265 4939 Pertinax,
3285 4891 3339 4933 et
3365 4884 3608 4955 imperat
3627 4906 3726 4943 met

2164 4964 2241 5001 885
2268 4963 2375 5000 εει.

2238 5035 2374 5128 Hinc
2408 5035 2623 5095 Severus
2654 5059 2773 5098 cum
2803 5048 3072 5107 Antonino
3090 5057 3230 5128 ﬁlio,
3248 5068 3416 5122 annis
3439 5087 3595 5126 xrttt.
3622 5071 3712 5125 1/0

2166 5138 2252 5179 tuo
2277 5123 2459 5179 Severo
2486 5136 2715 5188 succedit
2741 5140 3062 5202 Antoninus.

2164 5395 2363 5492 mentio
2394 5395 2584 5466 ﬁeret,
2628 5406 2767 5463 nihil
2796 5427 3190 5492 praeconceptze
3227 5443 3276 5481 ει
3314 5437 3376 5474 se
3406 5395 3653 5492 opinioni
3689 5446 3739 5480 η’

2164 5481 2466 5579 pugnabat;
2493 5501 2620 5555 qua!
2646 5497 2835 5564 opinio
2859 5513 2970 5560 tam
3017 5481 3124 5568 alt-e
3176 5512 3405 5572 animo
3437 5481 3558 5579 eius
3606 5516 3736 5567 detis

2161 5580 2379 5674 erat,.ut
2408 5574 2537 5682 licet
2576 5594 2824 5648 veterum
2849 5609 2902 5653 et
2935 5598 3074 5660 forte
3105 5597 3419 5682 Origﬁ‘f‘s
3442 5574 3619 5668 .‘i’S'NS
3645 5604 3746 5656 ηδτ

2166 5666 2343 5718 mouio
2366 5666 2660 5746 edisceret,
2693 5681 3094 5753 Thoodotiunis
3130 5666 3311 5757 edivt'v
3325 5666 3490 5744 οηειιί
3512 5690 3609 5750 θυι)
3633 5690 3746 5748 Com
