3878 6372
44 4550 49 4649 δ

12 5564 41 5615 \

149 382 210 437 83

1427 390 1494 446 ΠΝ
1531 387 1844 447 BEXAPLA
1881 386 2216 445 ORIGENIS.

3336 390 3404 443 90

149 497 321 556 modo,
358 484 667 575 Symmachi
699 486 814 542 sub
850 487 1101 551 Severo
1121 504 1432 571 prodiisse,
1463 508 1642 561 mallet
1664 505 1775 573 ipse
1804 510 1849 566 Α
1876 501 2303 575 quandoquidem
2337 518 2433 557 nec
2459 504 2522 558 de
2542 500 2740 571 duplici
2774 499 2978 572 Aquilae
3011 502 3265 567 editione,
3288 518 3405 572 quae

148 581 389 637 Severum
431 580 554 625 ante
604 570 1025 634 Commodum
1076 584 1302 651 locare,
1338 570 1500 659 quam
1530 570 1773 644 Theodo—

155 675 305 729 tionis
330 665 616 718 editionem
668 665 1043 736 Symmachi
1097 680 1371 734 versione
1421 682 1772 751 antiquiorem

161 761 325 819 (ateri.
347 755 721 822 Quamobrem
749 759 852 813 ubi
886 766 1086 830 paulo
1125 779 1328 837 postea
1361 772 1612 826 lectorem
1659 787 1775 825 mo-

171 854 457 914 net,caveat
487 862 577 908 ne,
607 849 747 917 quia
778 848 947 905 LXX
981 856 1340 928 Interpretes
1385 872 1504 930 post
1532 864 1774 933 Aquilam

176 952 226 992 et
238 936 592 1008 Symmachum
614 939 673 993 in
692 939 985 1012 liexaplis
1008 947 1302 1013 locantur,
1325 953 1590 1005 existimet
1614 952 1779 1019 Aqui-

182 1026 284 1077 lam
305 1035 348 1080 et
369 1024 767 1097 Symmachum
814 1044 959 1087 esse
1008 1033 1163 1089 LXX
1201 1036 1587 1106 lnterpretibus
1641 1038 1779 1091 anti-

169 1117 406 1195 quiores,
424 1119 748 1188 neutiquam
773 1135 1011 1191 mouet,
1033 1142 1108 1180 ne
1134 1128 1520 1199 Symmachum
1549 1127 1776 1196 priorem

151 1218 247 1281 17,,
277 1208 529 1261 sudatione
556 1210 683 1278 pari
731 1212 807 1265 de
844 1228 1034 1269 causa
1092 1226 1267 1285 putet.
1323 1217 1565 1271 Chronici
1622 1216 1781 1283 igitur

153 1299 514 1370 “ﬂumini
555 1306 788 1365 auctor,
822 1301 888 1354 in
921 1304 1166 1358 calculis
1198 1304 1417 1372 peritior
1461 1302 1778 1371 Epiphanio,

193 1413 267 1447 ex
329 1389 500 1445 duabus
550 1405 727 1458 supra
779 1394 1128 1448 memoratis
1162 1394 1545 1463 imperatorum
1594 1407 1779 1444 recen-

221 1483 456 1547 sionibns,
484 1482 552 1536 ab
584 1480 965 1552 Ephiplianio
1017 1486 1187 1539 editis
1211 1525 1225 1549 ,
1286 1502 1463 1538 veram
1505 1485 1780 1552 utriusque

184 1571 506 1642 interpretis
535 1582 784 1636 aetatem,
815 1574 990 1644 quasi
1031 1576 1103 1628 ab
1153 1573 1450 1642 Epiphanio
1487 1581 1776 1632 mutuatus,

157 1665 501 1731 assignavit
527 1682 543 1716 :
575 1678 678 1717 nec
704 1664 858 1716 enim
888 1664 1154 1733 ignorare
1180 1664 1352 1732 potuit
1375 1678 1512 1725 eam,
1539 1679 1657 1732 quae
1684 1663 1781 1715 sub

162 1753 506 1809 Co-mmodo
539 1756 767 1824 prodiit,
797 1756 1105 1810 editionem
1132 1796 1146 1819 ,
1180 1757 1519 1809 Vetustiorem
1567 1771 1627 1808 ea
1661 1770 1780 1807 esse

168 1861 245 1915 qu
278 1862 327 1900 te
363 1845 465 1899 sub
499 1842 726 1898 Severo.
768 1842 890 1898 Αὐο
940 1845 1075 1898 item
1110 1846 1163 1898 in
1197 1845 1449 1898 Chronico
1480 1860 1659 1898 veram
1694 1844 1775 1897 in-

172 1943 500 2005 terpretum
555 1944 776 1990 atatem
844 1936 1185 2003 descripsit;
1256 1950 1377 1987 nam
1428 1935 1492 1987 de
1542 1943 1776 2002 tempore

175 2024 277 2077 All
292 2027 422 2079 riani
449 2027 687 2094 loquens
720 2026 801 2079 ait
837 2045 850 2079 :
892 2024 1003 2078 Per
1032 2026 1167 2077 idem
1196 2034 1390 2093 tempus
1418 2022 1605 2091 Aquila
1634 2022 1773 2074 Pon-

171 2114 269 2164 tia
284 2131 339 2167 us
370 2116 656 2181 interpres,
681 2113 947 2166 secundus
982 2122 1100 2180 post
1123 2110 1305 2175 LXX,
1344 2113 1528 2164 oritur.
1565 2107 1628 2160 Et
1675 2108 1777 2162 sub

163 2203 517 2268 Commodo,
553 2204 889 2257 Theodotion
926 2202 1181 2271 Ephesius
1212 2203 1461 2270 interpres
1480 2203 1659 2253 tertius
1681 2216 1775 2267 ap-

158 2311 229 2358 pa
270 2296 401 2348 ruit.
466 2295 767 2348 ldem'sub
814 2293 1021 2347 Severo
1055 2333 1071 2357 ,
1133 2291 1474 2362 Symmachus
1526 2292 1775 2359 interpres

156 2399 249 2450 ait.
272 2396 421 2437 artus
450 2385 793 2453 agnoscitur.
829 2382 1259 2436 Thcodotionem
1293 2382 1452 2448 igitur
1479 2390 1599 2432 ante
1623 2379 1777 2449 Sym-

158 2473 454 2523 machum
490 2471 801 2524 editionem
838 2470 1094 2524 emisisse
1124 2484 1299 2532 suam,
1332 2484 1397 2519 ex
1429 2468 1493 2521 iis
1526 2482 1643 2536 quae
1682 2483 1775 2520 su-

156 2561 459 2625 pradicta
497 2568 657 2623 sunt;
718 2559 993 2623 liquidum
1036 2568 1139 2612 est.
1196 2558 1432 2625 ldipsum
1491 2558 1778 2611 credidisse

159 2650 217 2699 vi
256 2651 413 2702 detur
446 2649 850 2720 Hieronymus,
881 2649 976 2718 qui
1010 2650 1086 2701 ait
1110 2647 1467 2700 Comment.in
1505 2645 1774 2707 llcsaiam,

159 2750 337 2805 cap.
365 2754 485 2791 um
520 2781 535 2802 ,
573 2754 628 2791 ν.
669 2738 706 2790 6
741 2756 756 2792 :
815 2737 927 2790 Pro
961 2745 1147 2789 catena
1188 2734 1338 2787 LXX
1373 2734 1692 2803 σύνδεσμον,
1726 2733 1779 2786 id

163 2842 253 2879 es
273 2837 290 2879 t
308 2828 850 2897 colligationem,‘sive
865 2826 1141 2880 vinculum
1161 2824 1534 2877 transtulerunt
1552 2839 1570 2886 ;
1588 2823 1779 2893 Aquila

167 2918 348 2969 sicut
368 2934 521 2978 supra
551 2934 806 2972 errorem
836 2918 1213 2983 interpretatus
1243 2923 1318 2967 est
1342 2931 1361 2978 ;
1397 2912 1735 2984 Symmachus
1760 2955 1776 2980 ,

166 3001 267 3054 ἔτι
304 3000 669 3057 Theodotionis
702 3008 845 3059 scita
862 3005 1166 3067 concedens,
1189 3012 1427 3071 torquem
1450 3004 1642 3082 posuit.
1661 3003 1778 3069 Quo

172 3090 208 3142 ii
234 3094 412 3150 ndicat
438 3091 837 3162 Symmachum
893 3095 949 3147 iu
997 3094 1233 3147 editione
1266 3109 1359 3147 sua
1396 3101 1633 3147 secutum
1661 3109 1778 3147 esse

176 3182 709 3257 it-terpretationem
740 3182 1167 3245 Theodotionis,
1201 3190 1382 3249 utpote
1422 3181 1774 3249 antiquioris;

175 3278 555 3331 mnﬂrmatur
576 3276 747 3330 etiam
784 3274 982 3328 lrenaei
1010 3273 1151 3334 loco,
1178 3272 1268 3326 ubi
1298 3272 1468 3340 carpit
1499 3271 1584 3324 ille
1612 3271 1777 3340 Aqui-

176 3361 321 3421 lam
348 3376 397 3421 et
441 3367 879 3422 Theodotionem
934 3372 1167 3425 tantum,
1225 3363 1367 3430 quod
1401 3377 1518 3430 cap.
1553 3377 1624 3415 vn
1676 3362 1779 3415 lie-

178 3460 343 3513 saite
371 3475 550 3513 vocem
582 3441 749 3520 m5}:
782 3454 1055 3509 verterint
1102 3451 1280 3513 νεανὶς
1306 3489 1321 3514 ,
1354 3451 1736 3504 adulescentula
1760 3492 1776 3518 ,

177 3558 231 3594 ῐι
250 3563 325 3600 «on
353 3549 633 3619 παρθένος,
671 3548 847 3616 virgo,
886 3554 948 3597 ut
976 3542 1116 3594 LXX
1144 3542 1477 3610 interpretes.
1516 3539 1570 3594 Si
1597 3552 1775 3595 autem

178 3631 571 3707 Symmachus
593 3642 709 3706 jam
750 3636 1056 3690 editionem
1075 3647 1227 3685 suam
1250 3631 1516 3700 publicam
1545 3630 1775 3696 iecisset,

178 3737 341 3782 cum
374 3740 425 3783 et
453 3731 562 3797 ipse
606 3726 792 3788 νεανὶς
828 3721 1202 3786 transtulerit,
1251 3736 1317 3773 an
1364 3722 1775 3788 praetermitten-

181 3814 325 3872 ξω
352 3828 462 3872 erat
491 3820 558 3871 ab
585 3814 846 3870 Irenaeo?
874 3813 946 3865 At
985 3826 1108 3865 cum
1146 3825 1212 3863 ex
1258 3808 1512 3863 Chronico
1546 3810 1776 3863 Alexan-

181 3906 395 3974 drino,
424 3924 562 3962 anno
593 3907 783 3963 Severi
816 3918 969 3957 nouo
998 3900 1354 3972 Symmachus
1386 3900 1776 3968 interpretatio-

182 4006 346 4052 nem
372 4013 517 4052 suam
542 3993 988 4054 concinnaverit,
1019 4006 1125 4044 non
1159 3992 1333 4059 potuit
1380 3992 1448 4044 ab
1473 3991 1668 4045 Irenaeo
1696 4008 1779 4046 re-

176 4090 491 4149 rIrehendi,
516 4090 607 4158 qui
639 4102 792 4142 anno
821 4084 1046 4139 circiter
1072 4082 1308 4136 secundo
1340 4081 1580 4150 ejusdem
1612 4083 1779 4152 impe-

176 4181 419 4233 ratoris
448 4180 769 4249 martyrium
808 4188 1007 4244 passus
1048 4187 1166 4225 esse
1203 4180 1437 4240 putatur.
1476 4170 1611 4225 llinc
1652 4187 1777 4226 vero

179 4270 459 4336 corrigas
489 4270 650 4323 velim
682 4276 931 4321 nostram
968 4263 1032 4315 ad
1064 4259 1340 4329 Synopsim
1378 4260 1663 4329 Scriptum
1686 4279 1775 4315 sa-

184 4373 333 4412 «ηε
351 4370 542 4425 notam,
585 4360 679 4413 ubi
702 4366 832 4426 post
868 4354 1188 4425 Dionysium
1221 4352 1494 4407 Petavium
1522 4354 1773 4417 diximus,

198 4445 603 4518 Symmachum
634 4449 938 4504 editionem
972 4460 1129 4499 suam
1160 4445 1408 4499 emisisse
1451 4454 1574 4499 ante
1603 4444 1775 4497 Theo-

196 4538 508 4594 dotionem.

267 4625 345 4682 IV.
377 4631 453 4682 An
476 4632 606 4684 duas
638 4625 1106 4695 interpretationes
1148 4623 1356 4677 ediderit
1381 4619 1739 4690 Symmachus.

301 4719 408 4785 Qua
436 4735 559 4774 vero
588 4726 874 4788 permotus
902 4727 1069 4767 causa
1099 4711 1163 4764 ad
1212 4709 1543 4778 Scripturam
1597 4709 1777 4763 Graece

245 4807 670 4878 interpretaudam
712 4806 967 4860 animum
991 4801 1252 4869 appulerit
1275 4800 1649 4869 Symmachus,
1682 4799 1776 4852 do-

247 4911 317 4956 cet
350 4904 479 4956 idem
521 4897 867 4969 Epiphanius
903 4912 916 4946 :
963 4894 1088 4962 quia
1119 4891 1372 4943 nimirum
1429 4888 1777 4943 Samaritanis

245 4991 624 5054 iniensus‘erat,
657 4982 1078 5040 translationem
1108 4994 1300 5034 novam
1330 4992 1614 5047 aggressus
1654 4985 1738 5031 est
1758 5016 1774 5042 ,

244 5093 295 5135 ιιι
340 5080 807 5135 Samaritanorum
864 5071 1329 5138 interpretationes
1384 5077 1664 5122 everteret.
1718 5069 1775 5120 in

239 5167 455 5239 Epitome
497 5162 802 5236 Epiphanii
862 5159 939 5211 De
984 5158 1286 5225 ponderibus
1321 5172 1441 5210 mox
1479 5156 1679 5210 edenda
1704 5156 1779 5209 ie-

234 5262 376 5330 δίκην,
399 5260 476 5323 εις
509 5251 864 5325 διας-τροφὴν
895 5247 1005 5299 τῶν
1035 5246 1179 5318 παρὰ
1213 5247 1570 5317 Σαμαρείταις
1604 5249 1776 5317 ἑρμη-

230 5350 425 5412 νευτῶν,
453 5351 521 5402 ad
551 5346 895 5402 eversionem
921 5339 1249 5404 interpretum
1282 5336 1733 5390 Samaritanorum
1758 5351 1776 5389 :

227 5443 369 5496 hasce
420 5454 586 5509 porro
646 5426 1146 5498 interpretationes
1197 5425 1407 5480 Grrecas
1462 5424 1661 5489 fuisse,
1712 5441 1778 5479 ex

222 5532 527 5600 conjecturis
556 5522 886 5580 admodum
912 5515 1272 5583 probabilibus
1298 5530 1457 5583 supra
1474 5515 1773 5570 statuimus.

222 5605 338 5675 Duas
365 5613 783 5690 Symmachum
812 5603 1085 5660 editiones
1118 5605 1361 5661 emisisse
1388 5613 1588 5657 certum
1631 5606 1791 5659 vide-r

213 5703 315 5780 tur;
345 5688 442 5765 nec
480 5706 699 5761 mirum
755 5702 856 5750 est
906 5688 1248 5758 Epiphaniam
1308 5693 1359 5747 id
1412 5693 1727 5761 praeteriisse
1758 5732 1772 5758 ,

1871 594 2113 663 pluribus
2135 594 2453 648 testimoniis
2479 595 2758 651 asseritnr.
2791 595 3006 647 verbum
3036 591 3181 647 iecit.
3214 591 3404 647 Hiero-

1873 698 2067 752 nymus
2099 698 2225 737 vero
2256 684 2389 738 duas
2419 683 2576 736 etiam
2625 682 3001 751 Symmachum
3031 683 3277 737 emisisse
3325 693 3406 737 te-

1874 772 2131 826 stiﬁcatur
2168 771 2452 825 Comment.
2506 772 2561 823 iu
2604 769 2844 833 Nahum,
2893 786 3008 837 cap.
3047 785 3143 832 Ill,
3192 771 3258 832 i,
3314 770 3405 825 ubi

1874 865 1947 917 ait
1979 882 1992 916 :
2022 862 2087 915 In
2124 861 2339 916 Hebrum
2362 861 2598 923 habetur,
2639 874 2834 912 pnsncc
2865 874 3057 924 IALEA,
3084 862 3219 929 quod
3246 863 3405 914 inter—

1874 960 2104 1019 pretatus
2133 962 2206 1005 est
2236 950 2446 1019 Aquila,
2476 948 2858 1018 ἐξαυχενισμοῦ
2888 949 3095 1019 πλήρης
3117 990 3132 1013 ,
3182 950 3237 1003 id
3292 960 3366 1003 est
3385 988 3403 1014 ,

1875 1043 2295 1096 excervieatione
2318 1042 2498 1111 plena;
2525 1038 2861 1108 Symmachus
2890 1050 3083 1101 autem,
3112 1040 3405 1109 ἀποτομξας

1877 1133 2108 1203 πλήρης,
2140 1132 2275 1201 quod
2296 1146 2565 1199 possumus
2589 1130 2778 1191 dicere,
2808 1128 3118 1182 credulitate
3152 1129 3225 1181 rei
3250 1144 3403 1183 seve-

1877 1223 2034 1275 ritate
2055 1221 2228 1288 plena.
2255 1218 2320 1272 In
2335 1220 2500 1271 altera
2516 1218 2625 1285 ejus
2644 1217 2865 1268 editione
2882 1216 3067 1283 reperi,
3087 1216 3406 1283 μελοκοπὶας

1879 1310 2106 1380 πλήρης,
2134 1310 2303 1371 idest,
2336 1308 2661 1361 sectionibus
2686 1305 2924 1364 carnium
2952 1343 2966 1366 ,
3021 1315 3074 1360 et
3104 1305 3285 1359 frustis
3315 1321 3407 1374 per

1878 1389 2131 1454 membra
2156 1399 2386 1453 concisis
2418 1399 2589 1466 plena.
2634 1396 2759 1450 Dure
2787 1397 2944 1449 etiam
2977 1411 3159 1465 meque
3186 1396 3407 1451 diversa:

1882 1488 2182 1559 Symmachi
2214 1489 2467 1540 lectiones
2502 1486 2794 1539 aﬂ‘eruntur
2815 1485 2970 1539 Hesai
2996 1501 3157 1549 xu'u,
3183 1485 3248 1549 2;
3274 1483 3408 1540 Osee

1880 1594 1976 1639 xu,
2006 1578 2061 1629 il
2088 1595 2101 1641 ;
2127 1576 2264 1630 Psal.
2291 1591 2410 1641 cux,
2441 1578 2491 1628 1.
2525 1574 2590 1628 Et
2614 1576 2664 1627 in
2689 1574 2986 1643 Appendice
3019 1572 3187 1626 Exod.
3219 1588 3405 1636 xxvnt,

1881 1669 1965 1721 14.
1994 1667 2050 1720 In
2078 1668 2228 1721 libris
2258 1668 2381 1721 item
2417 1666 2434 1718 Ι
2464 1678 2516 1720 et
2555 1665 2597 1718 ll
2625 1665 2826 1732 Regum
2859 1666 2997 1719 bime
3024 1678 3405 1732 nonnunquam

1884 1758 2184 1829 Symmachi
2214 1757 2673 1826 interpretationes
2695 1756 3007 1810 aﬂ‘eruntur.
3045 1753 3175 1808 Vide
3200 1754 3360 1808 etiam
3388 1790 3405 1819 ,

1876 1850 2048 1910 sodes,
2070 1847 2311 1901 Ieremia:
2335 1863 2424 1911 xx,
2453 1848 2506 1911 5,
2527 1855 2578 1900 et
2599 1845 2706 1900 Jer.
2736 1862 2861 1910 xxx,
2896 1846 2986 1909 δὲ,
3032 1848 3084 1898 in
3114 1857 3259 1900 nota.
3297 1845 3402 1900 Sed

1875 1936 1998 2004 quia
2029 1936 2290 2004 ejusmodi
2316 1936 2555 2003 exempla
2578 1950 2682 1989 non
2707 1935 2779 1988 ita
2802 1934 3093 2002 frequentia
3122 1944 3411 1997 sunt,con-

1869 2025 2106 2095 jectandi
2146 2026 2295 2080 locus
2327 2035 2408 2081 est
2450 2026 2825 2095 Symmachum
2868 2041 2971 2078 non
3005 2027 3139 2079 duas
3188 2027 3411 2081 omnino

1872 2112 2112 2167 diversas
2134 2114 2396 2167 editiones
2410 2112 2691 2177 emisisse;
2721 2114 2813 2167 sed
2843 2128 3002 2181 quam
3020 2114 3250 2179 priorem
3275 2115 3409 2166 emi-

1876 2208 2018 2255 serat
2053 2202 2253 2269 aliquot
2282 2201 2333 2253 in
2357 2201 2485 2254 locis
2502 2201 2832 2262 emendasse,
2854 2201 3118 2268 verbaque
3135 2202 3236 2253 alia
3267 2202 3409 2255 iden-

1878 2291 2038 2344 tidem
2074 2291 2410 2345 substituisse
2437 2305 2531 2357 pro
2557 2289 2697 2342 aliis.
2723 2289 2970 2357 Alioquin
3001 2291 3045 2342 si
3076 2290 3230 2354 duas,
3275 2305 3407 2359 per-

1876 2380 1998 2433 inde
2036 2390 2195 2448 atque
2253 2381 2442 2448 Aquila
2467 2420 2483 2444 ,
2531 2395 2855 2447 prorsnsque
2881 2381 3059 2434 varias
3091 2382 3409 2448 interpreta-

1875 2470 2048 2522 tiones
2072 2471 2468 2534 concinnasset,
2499 2471 2625 2538 quid
2654 2486 2827 2523 causa:
2853 2479 2933 2523 est
2961 2486 3057 2523 cur
3084 2487 3207 2525 cum
3251 2470 3410 2541 longe

1879 2559 2177 2628 elegantior
2205 2569 2257 2612 ct
2291 2560 2478 2613 melior
2503 2562 2763 2628 interpres
2789 2576 2817 2613 a
2844 2561 3024 2614 multis
3078 2562 3291 2614 habitus
3339 2562 3408 2616 sit

1875 2663 2034 2715 quam
2065 2648 2275 2716 Aquila,
2296 2657 2403 2702 tam
2437 2664 2616 2717 paucae
2647 2662 2822 2703 tamen
2858 2666 2920 2704 ex
2948 2651 3112 2704 altera
3140 2651 3257 2718 ejus
3297 2653 3409 2705 edi-

1880 2739 2022 2792 tione
2056 2739 2311 2792 lectiones
2338 2739 2648 2804 aﬂerantur,
2683 2742 2895 2809 quando
2942 2749 3020 2794 tot
3066 2751 3316 2811 tantaque
3340 2758 3407 2796 ex

1877 2828 2111 2881 secunda
2161 2828 2365 2897 Aquila:
2411 2828 2645 2882 editione
2695 2831 3023 2897 supersunt?
3053 2828 3178 2883 iiree
3224 2831 3407 2899 conje-

1877 2917 2069 2970 ctando
2098 2918 2268 2971 solum
2303 2918 2442 2972 dicta
2468 2919 2613 2971 sint:
2659 2936 2743 2974 res
2769 2921 2908 2973 enim
2958 2936 3065 2974 non
3117 2922 3190 2975 ita
3226 2926 3406 2992 exple-

1878 3017 1990 3061 rata
2020 3016 2102 3062 est
2122 3048 2137 3073 ,
2168 3017 2226 3061 ut
2254 3017 2369 3062 tuto
2393 3012 2660 3077 possimus
2689 3012 3004 3064 sententiam
3035 3010 3190 3065 ferre.

1807 1821 1848 1873 Β

1804 3127 1845 3184 c
1877 3115 1940 3169 γ.
1975 3116 2089 3180 Quo
2124 3119 2348 3172 vertendi
2374 3136 2553 3187 genere
2585 3137 2709 3173 usus
2735 3122 2834 3172 sit:
2862 3132 2907 3173 et
2934 3121 2994 3173 de
3017 3123 3166 3173 annis
3194 3123 3407 3174 chrono-

1948 3187 2128 3255 logicis
2156 3190 2337 3260 prima:
2379 3205 2438 3242 ac
2478 3191 2716 3243 secunda:
2753 3192 2922 3243 celatis
2949 3199 3005 3242 ut
3035 3207 3066 3243 a
3103 3189 3406 3260 Symmache

1945 3256 2368 3309 numerabantur.

1943 3367 2308 3436 lnterpretatio
2336 3366 2643 3438 Symmachi
2669 3369 2966 3424 clarissima
3024 3377 3077 3423 et
3130 3370 3409 3440 elegantis-

1876 3459 2011 3513 sima
2037 3458 2275 3512 omnium
2303 3468 2409 3513 est.
2441 3457 2545 3513 Res
2575 3459 2660 3511 ille
2690 3459 3054 3527 utplnrimum
3092 3468 3213 3527 apte
3242 3475 3305 3514 ac
3325 3460 3409 3513 di—

1875 3546 2047 3601 lucide
2078 3546 2326 3614 exprimit
2358 3564 2370 3599 :
2407 3560 2512 3599 non
2542 3546 2698 3598 verba
2728 3546 2937 3612 singula
2972 3547 3283 3614 scrupulose
3324 3561 3407 3600 re-

1876 3636 2014 3691 ferre
2034 3637 2210 3691 studet
2235 3647 2294 3689 ut
2327 3636 2516 3705 Aquila
2543 3651 2557 3699 ;
2587 3650 2693 3688 non
2721 3634 2860 3687 LXX
2893 3636 3209 3704 Interprctes
3223 3652 3409 3704 presso

1874 3724 2097 3792 vestigio
2125 3723 2367 3792 sequitur
2398 3732 2455 3776 ut
2486 3722 2819 3788 Theodotio;
2847 3724 2937 3776 sed
2970 3725 3052 3777 vel
3079 3725 3145 3793 .in
3166 3724 3409 3779 diiIicilli-

1875 3811 1977 3864 mis
1999 3811 2133 3864 locis
2164 3824 2378 3864 sensum
2409 3809 2480 3861 ita
2512 3808 2706 3876 legenti
2743 3808 2990 3871 exhibet,
3030 3818 3088 3861 ut
3115 3810 3293 3862 statim
3323 3809 3408 3862 in-

1875 3899 2157 3967 telligatur.
2185 3896 2529 3950 Hebraismos
2560 3900 2682 3948 ra'ro
2727 3904 2983 3948 sectatur.
3035 3895 3407 3966 Summopere-

1875 4002 1979 4055 que
2007 4001 2222 4040 curasse
2254 3985 2485 4048 videtur,
2514 3998 2577 4037 ne
2621 3983 2891 4051 quidpiam
2946 3984 2999 4035 in
3031 3982 3210 4036 Graeca
3267 3984 3405 4037 serie

1876 4085 2114 4146 poneret,
2141 4076 2282 4144 quod
2310 4073 2549 4128 Graecum
2593 4074 2843 4127 lectorem
2875 4072 3127 4127 liebraice
3162 4074 3403 4141 ignarum

1874 4167 2137 4220 oﬂ'endere
2170 4176 2386 4234 posset:
2430 4180 2491 4219 ea
2532 4174 2708 4220 tamen
2732 4166 2958 4228 cautela,
2987 4174 3044 4219 ut
3086 4163 3402 4219 Hebraicum

1873 4256 2142 4324 exemplar
2178 4257 2392 4310 unicum
2424 4259 2751 4327 sequendum
2791 4257 2891 4311 sibi
2924 4266 3257 4325 proponeret,
3280 4271 3404 4309 -nec

1874 4346 2141 4415 quidpiam
2165 4360 2229 4399 ex
2257 4346 2489 4401 editione
2518 4347 2623 4400 τῶν
2658 4350 2731 4409 0',
2763 4346 2848 4399 ubi
2873 4362 2991 4401 cum
3017 4345 3274 4399 Hebraico
3299 4360 3403 4399 non

1807 4436 2188 4505 anadrabat,
2226 4436 2279 4490 in
2331 4438 2813 4506 interpretationem
2872 4453 3021 4491 suam
3077 4436 3400 4490 refunderet.

1874 4526 2227 4592 Quamobrem
2260 4527 2310 4579 in
2333 4528 2490 4582 annis
2520 4527 2908 4597 chronologicis
2925 4528 2992 4580 ab
3015 4526 3218 4579 Adanio
3236 4540 3404 4594 usque

1873 4618 1936 4670 ad
1954 4617 2332 4681 Abrahamum,
2357 4617 2516 4670 missa
2543 4617 2888 4687 Septuaginta
2908 4615 3255 4684 interpretum
3274 4630 3400 4683 sup.

1872 4707 2163 4775 putatione,
2190 4705 2427 4759 llebraiei
2452 4720 2660 4773 semper
2714 4715 2889 4759 textus
2921 4719 3090 4757 annos
3133 4704 3399 4771 exprime-

1871 4795 1981 4860 bat,
2009 4804 2067 4848 ut
2094 4795 2403 4849 testiﬁcatur
2434 4793 2692 4849 Eusebius
2721 4794 2997 4847 Emisenus
3022 4795 3072 4845 in
3107 4794 3222 4846 loco
3237 4809 3397 4863 quem

1872 4901 1934 4939 ex
1964 4885 2345 4952 manuscriptis
2374 4892 2679 4952 excerptum
2708 4884 2984 4936 retulimus
3014 4883 3066 4934 in
3099 4882 3238 4936 notis
3266 4882 3397 4938 Gen.

1874 4990 1925 5036 v,
1955 4973 2008 5026 5.
2038 4971 2308 5034 Hebrwus,
2340 4972 2512 5040 inquit
2544 4973 2630 5026 ille
2650 5013 2663 5036 ,
2696 4982 2742 5024 et
2770 4969 2931 5039 Syrus
2972 4981 3020 5023 et
3060 4972 3402 5041 Symmachus

1873 5064 1927 5115 in
1961 5064 2267 5132 genealogiis
2315 5071 2517 5113 centum
2544 5077 2704 5114 annos
2748 5062 2916 5112 minus
2944 5076 3141 5129 semper
3165 5073 3401 5130 ponunt;

1871 5153 2087 5220 exempli
2116 5169 2273 5205 causa
2297 5154 2541 5219 scriptum
2576 5158 2650 5203 est
2684 5150 2735 5200 in
2767 5147 2913 5201 LXX
2936 5152 3070 5218 quod
3085 5151 3249 5203 Adam
3268 5168 3401 5205 anno

1873 5246 1988 5297 vita:
2016 5258 2185 5296 ccxxx
2213 5243 2439 5312 genuerit
2469 5239 2591 5293 Seth
2614 5255 2633 5302 ;
2670 5238 2742 5290 ibi
2786 5239 3031 5293 licbrteus
3059 5255 3195 5292 cxxx
3227 5241 3399 5294 habet.

1876 5334 2004 5387 Illos
2032 5342 2203 5385 autem
2225 5341 2428 5383 centum
2456 5314 2617 5381 annos
2659 5327 2873 5396 reliquis
2891 5329 3078 5381 Δάαιηό
3098 5331 3218 5382 vita:
3252 5332 3401 5383 anuis

1875 5422 2131 5489 adiungit.
2153 5419 2343 5471 Mirum
2365 5425 2539 5470 autem
2568 5415 2618 5468 in
2643 5418 2950 5471 recensione
2978 5432 3159 5470 eorum
3182 5421 3272 5487 qui
3300 5418 3403 5473 He-

1877 5512 2112 5567 braicum
2144 5517 2343 5563 textum
2383 5507 2434 5559 in
2463 5520 2727 5559 annorum
2786 5508 2988 5561 calculo
3028 5514 3196 5559 secuti
3238 5517 3401 5573 sunt,

1876 5603 2172 5666 Hebraeum,
2203 5599 2395 5669 Syrum
2429 5608 2482 5653 et
2508 5597 2881 5671 Symmachum
2913 5594 3216 5652 memorari.
3240 5595 3405 5660 Aqui-

1877 5694 1979 5746 lam
2014 5704 2138 5745 vero
2174 5688 2262 5741 τδν
2289 5687 2594 5742 δουλεύοντα
2624 5692 2687 5759 τῇ
2735 5684 2986 5757 Ἐὕραῖκῇ
3010 5679 3147 5746 λέξει
3177 5687 3368 5747 przetcr
