3878 6354
573 334 642 395 87
1883 339 2385 395 pamuumms

574 456 643 509 ad
676 454 886 509 Judaeos
926 455 1231 517 descivisse,
1271 455 1595 526 reductoque
1634 462 1924 516 secundum
1957 464 2097 518 illitis
2130 478 2167 531 Α
2200 464 2332 514 tione
2363 458 2613 512 nari-urit.
2663 455 2810 510 llaiic
2843 466 3188 519 germanam
3247 462 3582 506 veramque
3623 457 3708 500 ten

575 546 828 613 temporis
856 559 1006 597 usum
1041 547 1317 613 praeputio,
1346 557 1396 601 et
1424 561 1635 617 accepta
1665 552 1841 604 denuo
1870 554 2099 605 circum-

575 634 797 700 cisione,
829 635 964 687 inter
995 633 1207 691 Judzeos
1234 648 1673 693 connumeratum
1709 641 1888 695 fuisse.
1920 642 2100 694 Hacte-

575 741 675 780 nus
700 725 875 777 omnia
922 726 1200 793 quadram.
1242 726 1296 780 ιιι
1325 729 1424 782 hoc
1458 738 1632 783 tamen
1667 731 1839 784 dill‘ert
1888 733 1953 784 ab
1993 731 2101 783 Eu-

576 814 721 868 sebio
765 824 817 866 et
874 813 1214 886 Hieronymo,
1261 824 1401 887 quod
1450 820 1500 872 hi
1545 819 1874 883 Ebionazum,
1908 822 1958 874 id
1997 831 2095 886 est,

574 900 1085 956 senii-Christianum
1126 912 1181 958 et
1220 904 1637 972 senii-Judaeum,
1688 907 1884 963 factum
1934 909 2099 965 fuisse

572 991 786 1057 dicant;
814 990 1140 1060 Epiphanius
1170 1009 1297 1048 vero
1338 994 1405 1048 ad
1458 994 1667 1051 Judaeos
1706 999 2011 1061 descivisse,
2047 1009 2100 1053 et

571 1081 709 1134 inter
761 1079 971 1136 Iudaeos
1033 1082 1199 1138 fuisse
1247 1097 1687 1141 connumeratum
1744 1099 1942 1142 narret.
1996 1089 2096 1142 Sed

573 1170 786 1225 Eusebii
814 1182 866 1225 et
898 1171 1204 1243 Hieronymi
1239 1178 1555 1232 testimoniis
1588 1179 1834 1232 standum
1867 1195 1984 1233 esse
2017 1181 2096 1232 vi-

571 1260 723 1313 detur
756 1278 769 1312 z
802 1261 997 1329 quippe
1036 1263 1126 1330 qui
1166 1263 1358 1318 lLbrum
1394 1263 1694 1335 Symmachi
1728 1267 1975 1332 viderint,
2008 1269 2097 1321 ubi

574 1364 635 1404 cx
667 1350 952 1419 Evangelio
985 1348 1213 1407 Matthzei
1252 1353 1616 1409 Ebionitarum
1644 1358 1832 1426 dogma
1860 1373 2099 1411 asserere

573 1440 857 1494 nitebatur.
901 1440 1051 1506 Quod
1099 1458 1227 1497 sane
1272 1445 1483 1498 nonnisi
1525 1446 1784 1499 Ebionitaz
1816 1446 2100 1500 convenire

572 1539 760 1596 potest.
799 1529 919 1584 Mox
964 1541 1138 1584 autem
1176 1531 1502 1601 Epiphanius
1532 1535 1696 1602 probe
1730 1537 1955 1604 positam
1990 1552 2019 1589 a
2043 1552 2099 1590 se

573 1620 931 1689 cbrcnologiaa
974 1633 1152 1677 notam
1180 1625 1406 1690 ,cmrtit,
1450 1640 1570 1677 cum
1621 1626 1697 1678 ait
1730 1644 1741 1678 :
1777 1624 1904 1679 Post
1944 1627 2099 1692 hunc,

577 1710 783 1762 tantillo
823 1712 994 1780 elapso
1037 1724 1277 1782 tempore,
1316 1716 1407 1767 Itoc
1433 1725 1505 1768 est
1538 1716 1816 1769 Commodo
1857 1717 2097 1780 secundo,

2201 564 2316 600 rum
2347 548 2601 599 rationem
2624 546 2690 597 ab
2713 543 3019 612 Epiphanio
3050 556 3117 594 se
3151 539 3462 606 accepisse
3494 536 3707 597 testilic

2199 638 2282 690 ille
2321 654 2333 689 :
2382 635 2520 688 unde
2565 635 2787 687 fortasse
2834 631 3095 701 suspicio
3136 630 3402 687 oriatur,
3442 624 3707 694 Epiphan

2198 728 2264 781 ab
2318 727 2561 792 imperito
2611 726 2840 794 quodam
2896 722 3141 776 homine
3196 718 3472 772 vitiatum
3534 715 3708 771 luisse

2198 819 2590 887 exeutplaribus
2613 835 2728 886 quae
2755 818 2816 870 ad
2850 831 2950 869 nos
2986 815 3391 874 devenerunt,
3424 818 3708 862 auctorcnt

2198 910 2435 963 Chronici
2487 908 2827 961 Alexandrini
2876 906 3049 972 longe
3106 902 3349 953 diverso
3403 898 3708 966 exemplari

2197 1000 2407 1067 quidem
2453 998 2811 1051 emendatiorc
2861 1011 3030 1048 nsunt
3090 1007 3248 1044 esse.
3307 990 3423 1042 Sed
3468 990 3606 1042 huic
3642 1004 3704 1041 su

2198 1090 2338 1143 eioni
2369 1089 2661 1142 reclamare
2697 1088 2905 1140 videtur
2938 1084 3127 1138 editio
3168 1080 3488 1150 Epiphanii
3531 1079 3708 1133 hodie:

2198 1180 2352 1247 cujus
2383 1179 2538 1231 verba
2579 1177 2762 1231 Latine
2798 1188 3016 1230 tantum
3065 1172 3383 1227 brevitatis
3418 1185 3595 1224 causa
3633 1186 3708 1238 pri

2199 1270 2366 1322 rimus
2400 1287 2412 1321 :

2265 1358 2393 1412 Post
2445 1358 2688 1426 Aquilam
2743 1359 2874 1409 Intnc
2923 1371 2977 1408 et
3038 1356 3202 1406 illius
3266 1354 3708 1421 interpretatione

2202 1449 2433 1500 Adriano
2457 1449 2758 1516 imperatori
2800 1446 3041 1498 succedit

2269 1538 2554 1591 Antoninus
2577 1537 2870 1606 cognomine
2894 1534 3127 1601 l’ius,et
3155 1540 3396 1606 imperat
3428 1550 3603 1587 annos
3627 1534 3708 1601 vig

2200 1629 2349 1681 duos.

2275 1717 2424 1770 llunc
2468 1719 2655 1785 excipit
2694 1716 3042 1779 Carucallus,
3074 1717 3171 1785 qui
3220 1724 3273 1767 et
3319 1713 3484 1779 Geta,
3514 1723 3564 1765 et
3593 1712 3708 1764 Mar

573 1798 666 1851 τοῦ
698 1800 966 1871 δευτέρου,
998 1804 1298 1871 imperante,
1323 1806 1411 1873 qui
1442 1816 1553 1874 post
1587 1805 1802 1857 Lucium
1836 1807 2101 1860 Aurelium
2135 1794 2176 1846 Β
2200 1807 2446 1861 Aurelius
2485 1806 2642 1858 Verus
2673 1805 2975 1866 dicebatur,
3007 1805 3179 1857 annis
3213 1815 3446 1871 septem.

575 1886 928 1953 Commodum,
955 1893 1190 1945 tredecim
1207 1897 1355 1947 annis
1382 1896 1667 1963 imperavit,
1704 1895 1979 1948 Theodotio
1993 1897 2103 1964 qui-

573 1978 712 2043 dam,
748 1996 923 2046 genere
955 1980 1218 2047 Ponticus,
1246 1999 1307 2035 ea:
1341 1983 1622 2036 Marcionis
1651 1985 2004 2038 Ineresiarclue
2028 1986 2104 2053 fa-

574 2068 760 2132 ctione,
777 2086 891 2122 cum
915 2072 1096 2131 Itwresi
1116 2089 1223 2126 sua:
1243 2084 1578 2140 succenseret,
1591 2076 1659 2127 ad
1670 2074 1880 2129 Judazos
1897 2076 2099 2144 defecit.

575 2155 692 2221 Quo
719 2161 895 2227 posito
929 2161 1154 2227 calculo,
1187 2162 1555 2231 interpretatio
1588 2165 1688 2218 sub
1720 2165 1915 2218 Severo
1940 2164 2100 2228 facta,

573 2256 726 2300 aetate
753 2251 1081 2316 praecesserit
1113 2266 1229 2304 eam
1261 2268 1379 2321 quae
1420 2254 1521 2308 sub
1556 2252 1850 2309 Commodo
1882 2256 2102 2309 concin-

576 2345 697 2391 nata
740 2347 840 2400 est,
871 2355 990 2408 quae
1032 2350 1156 2394 sunt
1198 2344 1603 2413 ἀπροσδιόνυσα.
1639 2346 1772 2398 Cum
1810 2347 2100 2414 praesertim

574 2427 662 2480 ille
706 2427 1053 2483 Commodum
1106 2430 1346 2501 designet
1387 2449 1507 2487 eum
1544 2436 1636 2503 qui
1665 2436 1916 2489 tredecim
1947 2439 2102 2491 annis

574 2513 869 2581 imperavit,
892 2518 975 2570 cui
999 2528 1118 2585 post
1145 2518 1472 2575 Pertinacem
1495 2534 1546 2577 et
1575 2522 1784 2578 Didium
1811 2524 2099 2591 lulianum,

574 2603 668 2671 qui
694 2606 876 2672 paucis
911 2608 1187 2661 mensibus
1217 2620 1524 2678 regnarunt,
1562 2615 1822 2667 successit
1853 2614 2099 2669 Severus.

575 2688 724 2746 Hanc
776 2708 900 2746 vero
942 2695 1298 2766 chronologiae
1345 2700 1599 2753 rationem
1649 2702 1754 2754 alio
1803 2716 2103 2756 commento

576 2795 815 2836 asserere
844 2784 1030 2837 nititur
1063 2797 1249 2841 auctor
1282 2789 1549 2858 Epitomes
1574 2792 1693 2845 libri
1727 2791 1783 2845 S.
1821 2793 2102 2862 Epiphanii

576 2869 651 2924 De
682 2874 951 2937 mensuris,
982 2890 1139 2942 quam
1166 2877 1301 2930 infra
1330 2880 1571 2942 edemus,
1596 2897 1716 2934 cum
1743 2882 1837 2948 ait,
1866 2881 2105 2952 Symma-

577 2961 734 3015 chum
778 2967 1073 3019 versionem
1108 2985 1256 3022 suam
1291 2971 1519 3026 edidisse
1547 2974 1648 3025 sub
1675 2974 1967 3027 Columodo
2004 2974 2099 3027 Se-

574 3066 727 3115 vero;
759 3052 1173 3111 Theodotionem
1202 3075 1327 3113 vero
1367 3063 1465 3115 sub
1491 3063 1785 3117 Commodo
1822 3068 2056 3119 secundo
2086 3085 2099 3120 :

2272 1897 2444 1965 Hujus
2471 1907 2693 1963 tempore
2728 1895 3004 1963 imperavit
3039 1904 3090 1946 et
3126 1893 3337 1946 Lucius
3366 1892 3620 1945 Aurelius
3651 1892 3708 1946 Ct

2200 1990 2402 2051 modus,
2432 1989 2580 2040 annis
2609 1987 2817 2054 perinde
2842 1996 3068 2053 septem.

2270 2079 2524 2133 Pertinam
2549 2076 2808 2129 mensibus
2840 2091 2956 2128 sex.

2272 2171 2486 2225 Severus
2526 2169 2674 2221 annis
2703 2167 3018 2218 octodecim.

2273 2260 2443 2328 llujus
2473 2275 2624 2328 porro
2655 2256 2826 2310 Severi
2874 2255 3241 2322 temporibus,
3273 2253 3631 2324 Symmachus
3676 2271 3707 2321 q

2202 2350 2321 2401 dam
2371 2347 2736 2401 Samaritanus
2786 2346 3022 2407 exstitit,
3057 2361 3125 2397 ea:
3183 2362 3371 2398 eorum
3425 2362 3661 2409 numero,
3704 2376 3708 2393 .

2201 2437 2338 2505 apud
2365 2437 2481 2489 illos
2511 2436 2761 2502 sapientes
2786 2433 3078 2494 habentur,
3113 2443 3327 2499 etc.,ut
3357 2451 3525 2503 supra
3553 2449 3705 2487 narra

2202 2542 2341 2580 mus.
2380 2526 2666 2593 Postquam
2702 2538 2830 2577 vero
2884 2522 3217 2591 Symmachi
3271 2526 3564 2579 historiam
3601 2534 3708 2578 text

2202 2617 2271 2670 ita
2299 2615 2465 2683 pergit
2490 2632 2503 2667 :

2271 2705 2396 2757 Post
2444 2704 2575 2755 (tunc
2604 2719 2631 2755 e
2675 2702 2895 2769 vestigio
2927 2701 3280 2771 subsequenti
3323 2714 3576 2767 tempore,
3609 2701 3662 2753 id
3690 2717 3708 2753 e

2201 2797 2340 2848 circa
2374 2793 2645 2861 imperium
2698 2791 2986 2845 Commodi
3036 2795 3284 2856 secundi,
3317 2795 3412 2863 qui
3440 2802 3556 2861 post
3595 2809 3708 2861 prter

2201 2894 2338 2937 ctum
2364 2882 2578 2934 Lucium
2609 2880 2893 2932 Aurelium
2923 2880 3286 2934 Commodum
3311 2883 3589 2951 imperarit
3618 2894 3708 2935 trec

2201 2976 2300 3027 cim
2348 2974 2520 3033 annis,
2555 2970 2832 3023 Tlieodotio
2893 2974 3120 3040 quidam
3169 2971 3451 3031 Ponticus.
3485 2990 3549 3026 ex
3583 2989 3708 3025 succi

2201 3065 2340 3115 sione
2367 3061 2649 3115 Marcionis
2672 3060 3046 3114 Ineresiarclue
3066 3060 3400 3130 Sinopensis,
3434 3073 3535 3116 etc.
3565 3072 3620 3115 ut
3646 3060 3708 3112 Ta

575 3159 693 3212 qua:
725 3159 854 3197 sane
884 3156 1047 3200 ruunt
1078 3157 1130 3202 et
1164 3151 1457 3205 consistere
1486 3169 1590 3206 non
1621 3164 1843 3222 possunt
1879 3174 1892 3207 :
1925 3156 2101 3210 nullus
2129 3125 2169 3180 Ο
2204 3155 2487 3206 immanem
2517 3158 2676 3203 recta:
2705 3149 3081 3220 chronologize
3108 3154 3483 3218 eversionem,
3513 3162 3617 3206 tam
3642 3167 3708 3219 pr:

574 3234 714 3285 enim
764 3234 1085 3290 C'onnuodus
1134 3240 1362 3293 Severus
1402 3243 1689 3308 imperator
1740 3244 1872 3309 fuit,
1924 3246 2101 3299 nullus

577 3330 692 3389 post
716 3338 835 3375 eum
870 3322 1198 3380 Commodus
1221 3330 1485 3385 secundus
1516 3334 1741 3387 exstitit.

575 3453 636 3507 ll.
666 3453 859 3509 Auctor
890 3452 1173 3525 Synopseos
1219 3458 1492 3528 Epiplianii
1519 3479 1741 3517 errorem
1781 3467 1998 3519 sensisse
2028 3468 2103 3520 vi-

1248 3530 1409 3581 detur.

643 3639 844 3693 Auctor
890 3655 1016 3693 vero
1057 3638 1375 3709 Synepseos,
1419 3657 1577 3709 quam
1622 3641 1756 3695 falso
1814 3644 2100 3711 ascriptam

575 3728 869 3786 Athanasio
905 3741 1175 3800 putamus,
1199 3746 1261 3785 ex
1298 3731 1592 3800 Epiphanio
1616 3734 1828 3801 quidem
1860 3735 2103 3790 hausisse

574 3822 803 3886 videtur,
856 3831 915 3875 ut
964 3836 1026 3875 ex
1074 3823 1356 3876 verborum
1409 3821 1756 3876 similitudine
1806 3826 2099 3892 probatur;

575 3911 665 3965 sed
698 3911 808 3965 sive
845 3910 1125 3979 Epiphanti
1159 3926 1395 3965 errorem
1431 3914 1676 3974 senserit,
1713 3913 1823 3966 sive
1850 3915 2101 3965 emenda-

575 3998 710 4052 tiore
738 3998 845 4051 alio
891 3998 1179 4066 exemplari
1209 3998 1281 4052 sit
1328 4013 1476 4059 usus,
1507 3999 1557 4051 in
1608 4000 1747 4053 notis
1787 4008 1841 4052 et
1887 4001 2102 4054 calculis

575 4087 687 4141 suis
705 4103 734 4140 a
760 4103 881 4140 vera
903 4088 1262 4156 chronologiaa
1277 4086 1484 4140 ratione
1511 4088 1687 4142 minus
1720 4089 1917 4141 recedit
1938 4105 2098 4156 quam

576 4174 902 4242 Epiphanius
953 4176 1076 4228 :ait
1116 4176 1257 4228 enim
1308 4174 1684 4243 Symmachum
1737 4177 1838 4230 sub
1883 4176 2099 4239 Severo,

576 4260 993 4319 Theodotionem
1039 4267 1140 4321 sub
1180 4266 1473 4320 Commodo
1518 4267 1919 4334 interpretatum
1960 4283 2101 4330 esse,

573 4354 632 4408 ἐν
662 4354 806 4424 αὐτῷ
836 4355 912 4425 τῷ
939 4355 1134 4427 χρόνῳ,
1160 4356 1335 4407 eodem
1365 4368 1618 4421 tempore;
1651 4355 1743 4423 qui
1774 4370 1897 4407 vera
1926 4355 2102 4408 dicere

573 4447 915 4514 comperitur,
943 4446 987 4499 si
1014 4445 1177 4497 addas
1205 4442 1424 4495 circiter.
1460 4442 1569 4495 lmo
1598 4446 1758 4496 etiam
1783 4444 1896 4496 sine
1919 4443 2097 4496 addito

573 4549 733 4606 atque
753 4543 1170 4605 temperamento
1189 4535 1291 4590 dici
1324 4534 1458 4589 forte
1481 4543 1651 4602 potest
1683 4533 2096 4587 Theodotionem

572 4638 626 4683 et
650 4627 1030 4699 Symmachum
1053 4626 1238 4680 eodem
1269 4634 1507 4695 tempore
1528 4626 1790 4678 vertenda:
1816 4622 2101 4691 Scripturm

573 4733 740 4774 sacra:
769 4718 1071 4782 insudasse,
1102 4716 1195 4770 sed
1225 4715 1296 4769 ita
1335 4727 1393 4770 ut
1424 4713 1721 4768 Theodotio
1748 4714 1919 4782 prius.
1952 4712 2100 4783 Sym-

575 4812 795 4864 machus
825 4817 1000 4863 autem
1030 4807 1240 4861 modico
1268 4815 1389 4874 post
1421 4815 1658 4874 tempore
1700 4805 2098 4872 interpretatio-

574 4912 693 4950 nem
721 4913 872 4952 suam
900 4897 951 4951 in
980 4898 1151 4952 lucem
1180 4895 1475 4950 emiserint.

573 5024 659 5082 lli.
717 5027 999 5082 Chronicon
1062 5030 1469 5084 Alexandrinum
1531 5044 1752 5083 errorem
1821 5026 2101 5095 Epiplianii

1014 5101 1320 5163 emendavit,
1363 5111 1417 5153 ut
1454 5110 1503 5152 et
1552 5098 1685 5151 Ado.

642 5205 840 5259 Auctor
889 5222 1016 5259 vero
1068 5207 1305 5262 Chronici
1368 5209 1747 5270 Alexandrini,
1816 5216 2093 5276 postquam

573 5292 953 5351 Theodotionis
980 5299 1261 5354 editionem
1286 5303 1337 5354 in
1361 5318 1557 5355 annum
1581 5300 1858 5354 Commodi
1887 5312 2093 5353 sextum

573 5389 901 5451 contulerat;
930 5396 982 5441 et
1032 5398 1233 5456 postea.
1270 5395 1457 5449 ordine
1488 5394 1741 5463 temporis
1780 5391 2093 5459 procedens,

574 5480 878 5550 Symmachi
916 5479 1397 5547 interpretationem
1437 5500 1577 5543 anno
1621 5484 1799 5538 Severi
1843 5495 1984 5533 nouo
2014 5479 2084 5531 fa-

570 5582 711 5624 ctam
747 5569 970 5627 dixerat,
998 5568 1064 5619 sit
1098 5568 1331 5622 claudit:
1370 5571 1492 5625 ch
1521 5572 1839 5642 Epiphanius
1874 5565 2093 5636 Cyprius

568 5661 632 5715 tle
661 5659 822 5713 tribus
848 5658 1204 5725 interpretibus
1232 5659 1441 5727 Aquila,
1471 5661 1773 5731 Symmacho
1799 5669 1845 5714 et
1869 5658 2094 5712 Theodo.

2201 3251 2466 3310 posteram
2523 3240 2913 3307 imperatorum
2970 3241 3359 3297 Romanorum
3416 3241 3707 3301 eumncrati

2203 3349 2343 3397 nem,
2372 3333 2455 3386 vel
2498 3347 2529 3385 a
2576 3330 2835 3395 librariis,
2874 3333 3016 3386 vela
3050 3335 3350 3387 temerario
3382 3334 3633 3403 quopiam
3669 3331 3708 3382 In

2199 3423 2361 3485 mine,
2408 3422 2461 3474 iu
2517 3429 2717 3472 textum
2772 3417 3070 3489 Epiphanii
3118 3423 3405 3477 inductam
3468 3420 3631 3474 fuisse
3673 3418 3707 3469 vi

2201 3514 2491 3567 crederem.
2533 3508 2762 3578 Verique
2803 3510 3048 3565 similius
3086 3528 3214 3567 esse
3251 3513 3506 3575 arbitror,
3542 3508 3708 3578 Epipb.

2199 3600 2747 3667 nium,indiligentem
2774 3613 2913 3654 sane
2941 3601 3368 3669 clrronologum,
3405 3616 3528 3655 cum
3561 3605 3708 3667 putar

2202 3688 2505 3757 Symmachi
2536 3687 2852 3752 editionem,
2901 3689 3035 3758 quia
3076 3699 3203 3745 ante
3224 3689 3609 3745 Theodotionis
3650 3702 3707 3739 ve

2200 3779 2403 3832 sionem
2445 3777 2496 3829 in
2542 3774 2790 3844 llexaplis
2832 3779 3162 3847 ponebatur,
3193 3795 3318 3835 esse
3348 3781 3451 3834 hac
3500 3776 3708 3845 antiquit

2199 3880 2345 3930 rem,
2399 3874 2457 3919 ut
2508 3864 2630 3917 huic
2684 3865 2934 3933 opinioni
2996 3867 3273 3921 calculum
3333 3866 3708 3921 accommodari

2199 3971 2375 4020 suum,
2395 3956 2527 4007 hanc
2548 3953 2704 4006 rebus
2724 3962 2776 4006 et
2800 3958 3143 4024 temporibus
3161 3958 3613 4026 perturbationem
3632 3962 3708 4007 attI

2200 4048 2362 4099 lisse:
2395 4058 2514 4096 nam
2551 4043 2637 4095 ubi
2670 4051 2885 4110 postea,
2916 4062 3027 4099 non
3057 4049 3247 4102 multis
3273 4046 3604 4116 interpositis
3638 4058 3708 4096 vel

2200 4137 2301 4200 bis,
2330 4134 2711 4195 imperatorum
2741 4136 2946 4189 seriem
2998 4139 3213 4205 repetit,
3248 4154 3344 4192 eos
3374 4153 3473 4192 suo
3515 4150 3643 4205 pene
3668 4148 3708 4185 οι

2198 4225 2308 4278 dini
2335 4222 2586 4285 restituit,
2612 4222 2738 4289 quia
2764 4226 2923 4279 nulla
2954 4226 3096 4281 facta
3129 4228 3445 4298 Symmachi
3468 4224 3708 4280 mentionc

2200 4310 2583 4380 nihilopinioni
2613 4325 2723 4364 sua:
2744 4327 3064 4385 repugnans
3092 4318 3455 4379 atterebatur;
3483 4316 3559 4370 sic
3582 4321 3708 4367 aute!

2126 4436 2173 4493 ο
2201 4402 2397 4455 habet:
2429 4399 2557 4454 Post
2583 4402 2916 4458 Antoninum
2952 4406 3111 4460 Pium
3146 4412 3381 4477 regnavit
3415 4406 3622 4459 Marcus
3646 4403 3708 4455 At

2201 4494 2359 4545 relius
2385 4492 2695 4555 Antoninus,
2721 4509 2784 4560 qu
2804 4497 2823 4546 i
2842 4506 2892 4548 et
2938 4495 3113 4564 Verus,
3141 4501 3294 4551 annis
3321 4494 3677 4551 novemdecim.

2272 4580 2397 4635 Post
2429 4581 2561 4634 hunc
2586 4581 2908 4637 Commodes
2935 4589 3073 4639 alius
3104 4588 3325 4655 imperat
3346 4586 3496 4639 crinis
3517 4599 3632 4645 xm,
3658 4596 3708 4633 cu

2188 4672 2280 4739 jus
2318 4679 2538 4739 tempore
2580 4673 2824 4737 ﬂoruisse
2874 4677 3107 4729 diximus
3160 4676 3602 4737 Tlteodotionem,
3654 4686 3708 4738 qu

2120 4774 2145 4799 δ
2196 4770 2435 4830 quartam
2456 4763 2931 4830 interpretationem
2963 4767 3149 4819 edidit.

2265 4852 2601 4905 Commodum
2623 4854 2759 4907 hunc
2787 4858 2980 4924 excipit
3000 4855 3278 4915 Pertinax,
3295 4864 3344 4907 et
3367 4856 3582 4922 imperat
3602 4865 3707 4903 men

2195 4960 2272 4996 888
2299 4958 2406 4996 δεῖ.

2269 5030 2405 5084 llinc
2439 5030 2650 5085 Severus
2681 5049 2799 5086 cum
2827 5035 3091 5087 Antonino
3107 5035 3243 5103 ﬁlio,
3262 5037 3412 5089 annis
3434 5049 3577 5088 xvttt.
3601 5028 3708 5083 .llor

2197 5134 2282 5175 tuo
2307 5119 2489 5175 Severo
2516 5125 2738 5176 succedit
2764 5126 3077 5177 Antoninus.

2263 5210 2318 5263 1n
2350 5212 2447 5264 hac
2480 5222 2743 5278 postrema
2771 5214 3083 5265 recensione
3112 5212 3463 5266 Commodum
3490 5225 3590 5263 non
3614 5208 3708 5259 lucc

2194 5315 2294 5356 suo
2322 5302 2487 5354 movit
2510 5339 2524 5363 ,
2566 5303 2690 5371 quia
2727 5317 2845 5355 cum
2887 5302 3030 5354 nulla
3063 5303 3163 5355 sub
3197 5301 3395 5354 Severo
3428 5294 3708 5370 Symmachi

2193 5391 2392 5445 mentio
2424 5391 2606 5455 fieret,
2649 5391 2782 5443 nihil
2810 5398 3190 5457 praeconceptze
3225 5404 3254 5441 a
3283 5406 3339 5441 se
3368 5386 3602 5456 opinioni
3636 5400 3708 5434 rc-

2194 5477 2492 5548 pugnabat;
2519 5493 2638 5547 quaa
2663 5478 2848 5547 opinio
2872 5485 2979 5529 tam
3024 5477 3127 5530 alte
3177 5477 3357 5530 animo
3388 5476 3503 5544 ejus
3552 5470 3708 5525 deﬁxa

2190 5578 2325 5635 erat,
2350 5578 2408 5623 ut
2436 5570 2560 5624 licet
2596 5579 2838 5624 veterum
2863 5578 2913 5620 ct
2944 5565 3078 5620 forte
3108 5566 3350 5635 Origenis
3382 5565 3544 5632 ipsius
3573 5558 3708 5612 testi-

2194 5661 2372 5715 monio
2395 5660 2673 5729 edisceret,
2705 5661 2749 5717 T
2768 5656 3102 5713 hoodotionis
3135 5653 3416 5709 editionem
3450 5650 3547 5706 sub
3568 5646 3708 5701 Conv
