  <div class='ocr_page' id='page_1' title='image "/cluster/home/n/w/nwhite01/storage/ocr_20150623/15 (Origen, pt. 5)/nyp.33433081862306/058.png"; bbox 0 0 3878 6378; ppageno 0'>
   <div class='ocr_carea' id='block_1_1' title="bbox 50 4554 57 4721">
    <p class='ocr_par' dir='ltr' id='par_1_1' title="bbox 50 4554 57 4721">
     <span class='ocr_line' id='line_1_1' title="bbox 50 4554 57 4721; baseline 0 -50"><span class='ocrx_word' id='word_1_1' title='bbox 52 4554 57 4671; x_wconf 76' lang='grc'><strong><em>)</em></strong></span> 
     </span>
    </p>
   </div>
   <div class='ocr_carea' id='block_1_2' title="bbox 158 388 223 443">
    <p class='ocr_par' dir='ltr' id='par_1_2' title="bbox 158 388 223 443">
     <span class='ocr_line' id='line_1_2' title="bbox 158 388 223 443; baseline 0 0"><span class='ocrx_word' id='word_1_2' title='bbox 158 388 223 443; x_wconf 74' lang='lat'><strong>89</strong></span> 
     </span>
    </p>
   </div>
   <div class='ocr_carea' id='block_1_3' title="bbox 158 491 1791 582">
    <p class='ocr_par' dir='ltr' id='par_1_3' title="bbox 158 491 1791 582">
     <span class='ocr_line' id='line_1_3' title="bbox 158 491 1791 582; baseline 0.015 -39"><span class='ocrx_word' id='word_1_3' title='bbox 158 504 336 563; x_wconf 64' lang='lat' dir='ltr'><strong>&quot;mdo,</strong></span> <span class='ocrx_word' id='word_1_4' title='bbox 374 491 681 582; x_wconf 72' lang='lat' dir='ltr'><strong>Symmachi</strong></span> <span class='ocrx_word' id='word_1_5' title='bbox 714 494 829 550; x_wconf 87' lang='lat' dir='ltr'><strong>sub</strong></span> <span class='ocrx_word' id='word_1_6' title='bbox 865 495 1116 559; x_wconf 85' lang='lat' dir='ltr'><strong>Severo</strong></span> <span class='ocrx_word' id='word_1_7' title='bbox 1136 513 1447 581; x_wconf 86' lang='lat' dir='ltr'><strong>prodiisse,</strong></span> <span class='ocrx_word' id='word_1_8' title='bbox 1478 517 1658 570; x_wconf 82' lang='lat' dir='ltr'><strong>mallet</strong></span> <span class='ocrx_word' id='word_1_9' title='bbox 1680 515 1791 582; x_wconf 84' lang='lat' dir='ltr'><strong>ipse</strong></span> 
     </span>
    </p>
   </div>
   <div class='ocr_carea' id='block_1_4' title="bbox 158 577 1789 669">
    <p class='ocr_par' dir='ltr' id='par_1_4' title="bbox 158 577 1789 669">
     <span class='ocr_line' id='line_1_4' title="bbox 158 577 1789 669; baseline 0.008 -26"><span class='ocrx_word' id='word_1_10' title='bbox 158 587 404 643; x_wconf 80' lang='lat' dir='ltr'><strong>Severum</strong></span> <span class='ocrx_word' id='word_1_11' title='bbox 447 587 568 632; x_wconf 84' lang='lat' dir='ltr'><strong>ante</strong></span> <span class='ocrx_word' id='word_1_12' title='bbox 618 577 1039 642; x_wconf 88' lang='lat' dir='ltr'><strong>Commodum</strong></span> <span class='ocrx_word' id='word_1_13' title='bbox 1091 593 1317 660; x_wconf 87' lang='lat' dir='ltr'><strong>locare,</strong></span> <span class='ocrx_word' id='word_1_14' title='bbox 1353 577 1515 669; x_wconf 81' lang='lat' dir='ltr'><strong>quam</strong></span> <span class='ocrx_word' id='word_1_15' title='bbox 1545 577 1789 654; x_wconf 75' lang='lat' dir='ltr'><strong>Theodo-</strong></span> 
     </span>
    </p>
   </div>
   <div class='ocr_carea' id='block_1_5' title="bbox 164 671 1788 760">
    <p class='ocr_par' dir='ltr' id='par_1_5' title="bbox 164 671 1788 760">
     <span class='ocr_line' id='line_1_5' title="bbox 164 671 1788 760; baseline 0.007 -27"><span class='ocrx_word' id='word_1_16' title='bbox 164 681 320 735; x_wconf 81' lang='lat' dir='ltr'><strong>tionis</strong></span> <span class='ocrx_word' id='word_1_17' title='bbox 344 671 630 725; x_wconf 62' lang='lat' dir='ltr'><strong>Milionem</strong></span> <span class='ocrx_word' id='word_1_18' title='bbox 683 672 1057 744; x_wconf 76' lang='lat' dir='ltr'><strong>Symmachi</strong></span> <span class='ocrx_word' id='word_1_19' title='bbox 1111 689 1386 743; x_wconf 75' lang='lat' dir='ltr'><strong>versione</strong></span> <span class='ocrx_word' id='word_1_20' title='bbox 1436 692 1788 760; x_wconf 87' lang='lat' dir='ltr'><strong>antiquiorem</strong></span> 
     </span>
    </p>
   </div>
   <div class='ocr_carea' id='block_1_6' title="bbox 80 762 1790 853">
    <p class='ocr_par' dir='ltr' id='par_1_6' title="bbox 80 762 1790 853">
     <span class='ocr_line' id='line_1_6' title="bbox 80 762 1790 853; baseline 0.008 -32"><span class='ocrx_word' id='word_1_21' title='bbox 80 842 85 853; x_wconf 31' lang='grc' dir='ltr'>ι</span> <span class='ocrx_word' id='word_1_22' title='bbox 171 762 735 829; x_wconf 63' lang='grc' dir='ltr'><strong>ῐιῑετῐ-Ουπωοδιέηι</strong></span> <span class='ocrx_word' id='word_1_23' title='bbox 762 767 866 820; x_wconf 75' lang='lat' dir='ltr'><strong>ubi</strong></span> <span class='ocrx_word' id='word_1_24' title='bbox 900 774 1101 838; x_wconf 83' lang='lat' dir='ltr'><strong>paulo</strong></span> <span class='ocrx_word' id='word_1_25' title='bbox 1140 788 1343 845; x_wconf 87' lang='lat' dir='ltr'><strong>postea</strong></span> <span class='ocrx_word' id='word_1_26' title='bbox 1375 782 1627 835; x_wconf 75' lang='lat' dir='ltr'><strong>lectorem</strong></span> <span class='ocrx_word' id='word_1_27' title='bbox 1674 797 1790 835; x_wconf 91' lang='lat' dir='ltr'><strong>mo-</strong></span> 
     </span>
    </p>
   </div>
   <div class='ocr_carea' id='block_1_7' title="bbox 191 1031 1794 1115">
    <p class='ocr_par' dir='ltr' id='par_1_7' title="bbox 191 1031 1794 1115">
     <span class='ocr_line' id='line_1_7' title="bbox 191 1031 1794 1115; baseline 0.012 -33"><span class='ocrx_word' id='word_1_28' title='bbox 191 1032 363 1086; x_wconf 84' lang='lat' dir='ltr'><strong>lamet</strong></span> <span class='ocrx_word' id='word_1_29' title='bbox 383 1031 781 1104; x_wconf 70' lang='lat' dir='ltr'><strong>Symmachum</strong></span> <span class='ocrx_word' id='word_1_30' title='bbox 828 1052 972 1095; x_wconf 86' lang='lat' dir='ltr'><strong>esse</strong></span> <span class='ocrx_word' id='word_1_31' title='bbox 1022 1042 1177 1097; x_wconf 75' lang='lat' dir='ltr'><strong>LXX</strong></span> <span class='ocrx_word' id='word_1_32' title='bbox 1215 1045 1602 1115; x_wconf 87' lang='lat' dir='ltr'><strong>lnterpretibus</strong></span> <span class='ocrx_word' id='word_1_33' title='bbox 1655 1049 1794 1100; x_wconf 69' lang='lat' dir='ltr'><strong>anti-</strong></span> 
     </span>
    </p>
   </div>
   <div class='ocr_carea' id='block_1_8' title="bbox 178 1125 1790 1208">
    <p class='ocr_par' dir='ltr' id='par_1_8' title="bbox 178 1125 1790 1208">
     <span class='ocr_line' id='line_1_8' title="bbox 178 1125 1790 1208; baseline 0.012 -36"><span class='ocrx_word' id='word_1_34' title='bbox 178 1125 420 1201; x_wconf 76' lang='lat' dir='ltr'><strong>quiores,</strong></span> <span class='ocrx_word' id='word_1_35' title='bbox 438 1126 762 1195; x_wconf 85' lang='lat' dir='ltr'><strong>neutiquam</strong></span> <span class='ocrx_word' id='word_1_36' title='bbox 787 1143 1025 1199; x_wconf 82' lang='lat' dir='ltr'><strong>monet,</strong></span> <span class='ocrx_word' id='word_1_37' title='bbox 1047 1150 1122 1189; x_wconf 89' lang='lat' dir='ltr'><strong>ne</strong></span> <span class='ocrx_word' id='word_1_38' title='bbox 1149 1136 1534 1208; x_wconf 83' lang='lat' dir='ltr'><strong>Symmachum</strong></span> <span class='ocrx_word' id='word_1_39' title='bbox 1563 1137 1790 1206; x_wconf 85' lang='lat' dir='ltr'><strong>priorem</strong></span> 
     </span>
    </p>
   </div>
   <div class='ocr_carea' id='block_1_9' title="bbox 161 1214 1794 1294">
    <p class='ocr_par' dir='ltr' id='par_1_9' title="bbox 161 1214 1794 1294">
     <span class='ocr_line' id='line_1_9' title="bbox 161 1214 1794 1294; baseline 0.006 -27"><span class='ocrx_word' id='word_1_40' title='bbox 161 1224 244 1288; x_wconf 76' lang='grc' dir='ltr'><strong>τι,</strong></span> <span class='ocrx_word' id='word_1_41' title='bbox 291 1214 542 1268; x_wconf 81' lang='lat' dir='ltr'><strong>eodotione</strong></span> <span class='ocrx_word' id='word_1_42' title='bbox 570 1219 697 1285; x_wconf 87' lang='lat' dir='ltr'><strong>pari</strong></span> <span class='ocrx_word' id='word_1_43' title='bbox 745 1220 820 1273; x_wconf 90' lang='lat' dir='ltr'><strong>de</strong></span> <span class='ocrx_word' id='word_1_44' title='bbox 857 1236 1048 1277; x_wconf 87' lang='lat' dir='ltr'><strong>causa</strong></span> <span class='ocrx_word' id='word_1_45' title='bbox 1105 1235 1280 1293; x_wconf 90' lang='lat' dir='ltr'><strong>putet.</strong></span> <span class='ocrx_word' id='word_1_46' title='bbox 1336 1226 1579 1280; x_wconf 86' lang='lat' dir='ltr'><strong>Cltronici</strong></span> <span class='ocrx_word' id='word_1_47' title='bbox 1635 1227 1794 1294; x_wconf 79' lang='lat' dir='ltr'><strong>igitur</strong></span> 
     </span>
    </p>
   </div>
   <div class='ocr_carea' id='block_1_10' title="bbox 163 1306 1791 1381">
    <p class='ocr_par' dir='ltr' id='par_1_10' title="bbox 163 1306 1791 1381">
     <span class='ocr_line' id='line_1_10' title="bbox 163 1306 1791 1381; baseline 0.006 -26"><span class='ocrx_word' id='word_1_48' title='bbox 163 1306 528 1377; x_wconf 55' lang='grc' dir='ltr'><strong>λχβιαπάτίιιὶ</strong></span> <span class='ocrx_word' id='word_1_49' title='bbox 568 1315 801 1373; x_wconf 80' lang='lat' dir='ltr'><strong>auctor,</strong></span> <span class='ocrx_word' id='word_1_50' title='bbox 835 1309 901 1362; x_wconf 86' lang='lat' dir='ltr'><strong>in</strong></span> <span class='ocrx_word' id='word_1_51' title='bbox 934 1312 1179 1367; x_wconf 85' lang='lat' dir='ltr'><strong>calculis</strong></span> <span class='ocrx_word' id='word_1_52' title='bbox 1211 1313 1430 1381; x_wconf 86' lang='lat' dir='ltr'><strong>peritior</strong></span> <span class='ocrx_word' id='word_1_53' title='bbox 1475 1312 1791 1381; x_wconf 89' lang='lat' dir='ltr'><strong>Epiphanio,</strong></span> 
     </span>
    </p>
   </div>
   <div class='ocr_carea' id='block_1_11' title="bbox 204 1396 1793 1472">
    <p class='ocr_par' dir='ltr' id='par_1_11' title="bbox 204 1396 1793 1472">
     <span class='ocr_line' id='line_1_11' title="bbox 204 1396 1793 1472; baseline 0.001 -20"><span class='ocrx_word' id='word_1_54' title='bbox 204 1419 280 1454; x_wconf 60' lang='lat' dir='ltr'><strong>ex</strong></span> <span class='ocrx_word' id='word_1_55' title='bbox 342 1396 514 1454; x_wconf 75' lang='lat' dir='ltr'><strong>duabus</strong></span> <span class='ocrx_word' id='word_1_56' title='bbox 563 1412 740 1466; x_wconf 89' lang='lat' dir='ltr'><strong>supra</strong></span> <span class='ocrx_word' id='word_1_57' title='bbox 792 1403 1141 1456; x_wconf 84' lang='lat' dir='ltr'><strong>memoratis</strong></span> <span class='ocrx_word' id='word_1_58' title='bbox 1175 1402 1558 1472; x_wconf 84' lang='lat' dir='ltr'><strong>imperatorum</strong></span> <span class='ocrx_word' id='word_1_59' title='bbox 1607 1417 1793 1454; x_wconf 89' lang='lat' dir='ltr'><strong>recen-</strong></span> 
     </span>
    </p>
   </div>
   <div class='ocr_carea' id='block_1_12' title="bbox 230 1488 1794 1562">
    <p class='ocr_par' dir='ltr' id='par_1_12' title="bbox 230 1488 1794 1562">
     <span class='ocr_line' id='line_1_12' title="bbox 230 1488 1794 1562; baseline 0.004 -22"><span class='ocrx_word' id='word_1_60' title='bbox 230 1489 470 1554; x_wconf 74' lang='lat' dir='ltr'><strong>sionilms,</strong></span> <span class='ocrx_word' id='word_1_61' title='bbox 497 1490 564 1543; x_wconf 84' lang='lat' dir='ltr'><strong>ab</strong></span> <span class='ocrx_word' id='word_1_62' title='bbox 596 1488 977 1560; x_wconf 82' lang='lat' dir='ltr'><strong>Ephiphanio</strong></span> <span class='ocrx_word' id='word_1_63' title='bbox 1030 1495 1199 1548; x_wconf 90' lang='lat' dir='ltr'><strong>editis</strong></span> <span class='ocrx_word' id='word_1_64' title='bbox 1224 1534 1239 1557; x_wconf 94' lang='lat'><strong>,</strong></span> <span class='ocrx_word' id='word_1_65' title='bbox 1299 1511 1477 1548; x_wconf 83' lang='lat' dir='ltr'><strong>veram</strong></span> <span class='ocrx_word' id='word_1_66' title='bbox 1518 1494 1794 1562; x_wconf 88' lang='lat' dir='ltr'><strong>utriusque</strong></span> 
     </span>
    </p>
   </div>
   <div class='ocr_carea' id='block_1_13' title="bbox 194 1577 1789 1651">
    <p class='ocr_par' dir='ltr' id='par_1_13' title="bbox 194 1577 1789 1651">
     <span class='ocr_line' id='line_1_13' title="bbox 194 1577 1789 1651; baseline 0.002 -20"><span class='ocrx_word' id='word_1_67' title='bbox 194 1577 519 1649; x_wconf 77' lang='lat' dir='ltr'><strong>inLerpretis</strong></span> <span class='ocrx_word' id='word_1_68' title='bbox 547 1590 795 1645; x_wconf 61' lang='lat' dir='ltr'><strong>aetatem,</strong></span> <span class='ocrx_word' id='word_1_69' title='bbox 828 1583 1002 1651; x_wconf 87' lang='lat' dir='ltr'><strong>quasi</strong></span> <span class='ocrx_word' id='word_1_70' title='bbox 1043 1584 1116 1637; x_wconf 89' lang='lat' dir='ltr'><strong>ab</strong></span> <span class='ocrx_word' id='word_1_71' title='bbox 1166 1582 1463 1651; x_wconf 87' lang='lat' dir='ltr'><strong>Epiphanio</strong></span> <span class='ocrx_word' id='word_1_72' title='bbox 1500 1591 1789 1644; x_wconf 88' lang='lat' dir='ltr'><strong>mutuatus,</strong></span> 
     </span>
    </p>
   </div>
   <div class='ocr_carea' id='block_1_14' title="bbox 166 1671 1794 1741">
    <p class='ocr_par' dir='ltr' id='par_1_14' title="bbox 166 1671 1794 1741">
     <span class='ocr_line' id='line_1_14' title="bbox 166 1671 1794 1741; baseline 0.002 -19"><span class='ocrx_word' id='word_1_73' title='bbox 166 1671 513 1738; x_wconf 70' lang='lat' dir='ltr'><strong>assignavit</strong></span> <span class='ocrx_word' id='word_1_74' title='bbox 540 1689 554 1724; x_wconf 88' lang='lat'>:</span> <span class='ocrx_word' id='word_1_75' title='bbox 589 1686 690 1724; x_wconf 89' lang='lat' dir='ltr'><strong>nec</strong></span> <span class='ocrx_word' id='word_1_76' title='bbox 717 1671 870 1724; x_wconf 88' lang='lat' dir='ltr'><strong>enim</strong></span> <span class='ocrx_word' id='word_1_77' title='bbox 900 1673 1167 1741; x_wconf 78' lang='lat' dir='ltr'><strong>ignorare</strong></span> <span class='ocrx_word' id='word_1_78' title='bbox 1192 1673 1365 1741; x_wconf 91' lang='lat' dir='ltr'><strong>potuit</strong></span> <span class='ocrx_word' id='word_1_79' title='bbox 1387 1688 1525 1735; x_wconf 86' lang='lat' dir='ltr'><strong>eam,</strong></span> <span class='ocrx_word' id='word_1_80' title='bbox 1552 1688 1670 1741; x_wconf 69' lang='lat' dir='ltr'><strong>quae</strong></span> <span class='ocrx_word' id='word_1_81' title='bbox 1696 1673 1794 1726; x_wconf 87' lang='lat' dir='ltr'><strong>sub</strong></span> 
     </span>
    </p>
   </div>
   <div class='ocr_carea' id='block_1_15' title="bbox 171 1759 1793 1832">
    <p class='ocr_par' dir='ltr' id='par_1_15' title="bbox 171 1759 1793 1832">
     <span class='ocr_line' id='line_1_15' title="bbox 171 1759 1793 1832; baseline 0.002 -18"><span class='ocrx_word' id='word_1_82' title='bbox 171 1759 517 1816; x_wconf 81' lang='lat' dir='ltr'><strong>Co—mmodo</strong></span> <span class='ocrx_word' id='word_1_83' title='bbox 551 1764 779 1832; x_wconf 89' lang='lat' dir='ltr'><strong>prodiit,</strong></span> <span class='ocrx_word' id='word_1_84' title='bbox 809 1764 1117 1819; x_wconf 75' lang='lat' dir='ltr'><strong>editionem</strong></span> <span class='ocrx_word' id='word_1_85' title='bbox 1144 1805 1158 1828; x_wconf 93' lang='lat'><strong>,</strong></span> <span class='ocrx_word' id='word_1_86' title='bbox 1192 1766 1532 1818; x_wconf 83' lang='lat' dir='ltr'><strong>vetustiorem</strong></span> <span class='ocrx_word' id='word_1_87' title='bbox 1579 1781 1639 1817; x_wconf 87' lang='lat' dir='ltr'><strong>ea</strong></span> <span class='ocrx_word' id='word_1_88' title='bbox 1674 1779 1793 1818; x_wconf 83' lang='lat' dir='ltr'><strong>esse</strong></span> 
     </span>
    </p>
   </div>
   <div class='ocr_carea' id='block_1_16' title="bbox 178 1850 1787 1922">
    <p class='ocr_par' dir='ltr' id='par_1_16' title="bbox 178 1850 1787 1922">
     <span class='ocr_line' id='line_1_16' title="bbox 178 1850 1787 1922; baseline 0.001 -16"><span class='ocrx_word' id='word_1_89' title='bbox 178 1868 340 1922; x_wconf 60' lang='lat' dir='ltr'><strong>quae</strong></span> <span class='ocrx_word' id='word_1_90' title='bbox 375 1852 477 1906; x_wconf 86' lang='lat' dir='ltr'><strong>sub</strong></span> <span class='ocrx_word' id='word_1_91' title='bbox 510 1850 737 1905; x_wconf 87' lang='lat' dir='ltr'><strong>Severo.</strong></span> <span class='ocrx_word' id='word_1_92' title='bbox 779 1851 902 1906; x_wconf 83' lang='lat' dir='ltr'><strong>Ado</strong></span> <span class='ocrx_word' id='word_1_93' title='bbox 951 1853 1086 1907; x_wconf 87' lang='lat' dir='ltr'><strong>item</strong></span> <span class='ocrx_word' id='word_1_94' title='bbox 1122 1855 1175 1907; x_wconf 90' lang='lat' dir='ltr'><strong>in</strong></span> <span class='ocrx_word' id='word_1_95' title='bbox 1209 1854 1461 1907; x_wconf 86' lang='lat' dir='ltr'><strong>Chronico</strong></span> <span class='ocrx_word' id='word_1_96' title='bbox 1493 1870 1671 1908; x_wconf 83' lang='lat' dir='ltr'><strong>veram</strong></span> <span class='ocrx_word' id='word_1_97' title='bbox 1706 1855 1787 1907; x_wconf 89' lang='lat' dir='ltr'><strong>in-</strong></span> 
     </span>
    </p>
   </div>
   <div class='ocr_carea' id='block_1_17' title="bbox 179 1944 1788 2013">
    <p class='ocr_par' dir='ltr' id='par_1_17' title="bbox 179 1944 1788 2013">
     <span class='ocr_line' id='line_1_17' title="bbox 179 1944 1788 2013; baseline 0.002 -19"><span class='ocrx_word' id='word_1_98' title='bbox 179 1950 511 2012; x_wconf 83' lang='lat' dir='ltr'><strong>ter-prelum</strong></span> <span class='ocrx_word' id='word_1_99' title='bbox 566 1953 788 1998; x_wconf 66' lang='lat' dir='ltr'><strong>etatem</strong></span> <span class='ocrx_word' id='word_1_100' title='bbox 855 1944 1197 2012; x_wconf 81' lang='lat' dir='ltr'><strong>descripsit;</strong></span> <span class='ocrx_word' id='word_1_101' title='bbox 1268 1959 1389 1996; x_wconf 89' lang='lat' dir='ltr'><strong>nam</strong></span> <span class='ocrx_word' id='word_1_102' title='bbox 1441 1945 1504 1996; x_wconf 89' lang='lat' dir='ltr'><strong>de</strong></span> <span class='ocrx_word' id='word_1_103' title='bbox 1555 1953 1788 2013; x_wconf 85' lang='lat' dir='ltr'><strong>tempore</strong></span> 
     </span>
    </p>
   </div>
   <div class='ocr_carea' id='block_1_18' title="bbox 184 2031 1786 2102">
    <p class='ocr_par' dir='ltr' id='par_1_18' title="bbox 184 2031 1786 2102">
     <span class='ocr_line' id='line_1_18' title="bbox 184 2031 1786 2102; baseline 0.001 -19"><span class='ocrx_word' id='word_1_104' title='bbox 184 2031 285 2083; x_wconf 69' lang='lat' dir='ltr'><strong>Ar!</strong></span> <span class='ocrx_word' id='word_1_105' title='bbox 304 2034 433 2086; x_wconf 89' lang='lat' dir='ltr'><strong>riani</strong></span> <span class='ocrx_word' id='word_1_106' title='bbox 461 2034 698 2101; x_wconf 87' lang='lat' dir='ltr'><strong>loquens</strong></span> <span class='ocrx_word' id='word_1_107' title='bbox 732 2034 812 2087; x_wconf 89' lang='lat' dir='ltr'><strong>ait</strong></span> <span class='ocrx_word' id='word_1_108' title='bbox 848 2053 861 2088; x_wconf 89' lang='lat'><strong>:</strong></span> <span class='ocrx_word' id='word_1_109' title='bbox 903 2032 1014 2087; x_wconf 90' lang='lat' dir='ltr'><strong>Per</strong></span> <span class='ocrx_word' id='word_1_110' title='bbox 1044 2035 1178 2085; x_wconf 88' lang='lat' dir='ltr'><strong>idem</strong></span> <span class='ocrx_word' id='word_1_111' title='bbox 1208 2042 1402 2102; x_wconf 78' lang='lat' dir='ltr'><strong>tempus</strong></span> <span class='ocrx_word' id='word_1_112' title='bbox 1430 2031 1617 2101; x_wconf 79' lang='lat' dir='ltr'><strong>Aquila</strong></span> <span class='ocrx_word' id='word_1_113' title='bbox 1644 2032 1753 2085; x_wconf 84' lang='lat' dir='ltr'><strong>Pon</strong></span> <span class='ocrx_word' id='word_1_114' title='bbox 1774 2062 1786 2069; x_wconf 89' lang='lat'><strong>-</strong></span> 
     </span>
    </p>
   </div>
   <div class='ocr_carea' id='block_1_19' title="bbox 180 2118 1788 2189">
    <p class='ocr_par' dir='ltr' id='par_1_19' title="bbox 180 2118 1788 2189">
     <span class='ocr_line' id='line_1_19' title="bbox 180 2118 1788 2189; baseline 0.001 -18"><span class='ocrx_word' id='word_1_115' title='bbox 180 2120 271 2171; x_wconf 78' lang='lat' dir='ltr'><strong>lic</strong></span> <span class='ocrx_word' id='word_1_116' title='bbox 294 2139 352 2174; x_wconf 84' lang='lat' dir='ltr'><strong>us</strong></span> <span class='ocrx_word' id='word_1_117' title='bbox 383 2123 667 2189; x_wconf 73' lang='lat' dir='ltr'><strong>interpres,</strong></span> <span class='ocrx_word' id='word_1_118' title='bbox 692 2121 958 2174; x_wconf 84' lang='lat' dir='ltr'><strong>secundus</strong></span> <span class='ocrx_word' id='word_1_119' title='bbox 993 2131 1111 2189; x_wconf 84' lang='lat' dir='ltr'><strong>post</strong></span> <span class='ocrx_word' id='word_1_120' title='bbox 1134 2119 1281 2172; x_wconf 80' lang='lat' dir='ltr'><strong>LXX</strong></span> <span class='ocrx_word' id='word_1_121' title='bbox 1302 2162 1316 2184; x_wconf 89' lang='lat'><strong>,</strong></span> <span class='ocrx_word' id='word_1_122' title='bbox 1355 2122 1539 2173; x_wconf 86' lang='lat' dir='ltr'><strong>oritur.</strong></span> <span class='ocrx_word' id='word_1_123' title='bbox 1576 2118 1640 2171; x_wconf 85' lang='lat' dir='ltr'><strong>Et</strong></span> <span class='ocrx_word' id='word_1_124' title='bbox 1687 2119 1788 2172; x_wconf 89' lang='lat' dir='ltr'><strong>sub</strong></span> 
     </span>
    </p>
   </div>
   <div class='ocr_carea' id='block_1_20' title="bbox 173 2209 1786 2280">
    <p class='ocr_par' dir='ltr' id='par_1_20' title="bbox 173 2209 1786 2280">
     <span class='ocr_line' id='line_1_20' title="bbox 173 2209 1786 2280; baseline -0.001 -19"><span class='ocrx_word' id='word_1_125' title='bbox 173 2209 529 2275; x_wconf 63' lang='lat' dir='ltr'><strong>Cmmmodo,</strong></span> <span class='ocrx_word' id='word_1_126' title='bbox 564 2212 900 2265; x_wconf 80' lang='lat' dir='ltr'><strong>Theodotion</strong></span> <span class='ocrx_word' id='word_1_127' title='bbox 936 2211 1193 2280; x_wconf 79' lang='lat' dir='ltr'><strong>Ephesius</strong></span> <span class='ocrx_word' id='word_1_128' title='bbox 1223 2212 1473 2279; x_wconf 85' lang='lat' dir='ltr'><strong>interpres</strong></span> <span class='ocrx_word' id='word_1_129' title='bbox 1491 2213 1671 2263; x_wconf 86' lang='lat' dir='ltr'><strong>tertius</strong></span> <span class='ocrx_word' id='word_1_130' title='bbox 1693 2226 1786 2277; x_wconf 87' lang='lat' dir='ltr'><strong>ap-</strong></span> 
     </span>
    </p>
   </div>
   <div class='ocr_carea' id='block_1_21' title="bbox 168 2300 1786 2370">
    <p class='ocr_par' dir='ltr' id='par_1_21' title="bbox 168 2300 1786 2370">
     <span class='ocr_line' id='line_1_21' title="bbox 168 2300 1786 2370; baseline 0 -19"><span class='ocrx_word' id='word_1_131' title='bbox 168 2317 236 2364; x_wconf 77' lang='lat' dir='ltr'><strong>pa</strong></span> <span class='ocrx_word' id='word_1_132' title='bbox 276 2303 412 2355; x_wconf 75' lang='lat' dir='ltr'><strong>ruit.</strong></span> <span class='ocrx_word' id='word_1_133' title='bbox 477 2303 778 2356; x_wconf 66' lang='lat' dir='ltr'><strong>ldem&#39;sub</strong></span> <span class='ocrx_word' id='word_1_134' title='bbox 825 2301 1032 2356; x_wconf 82' lang='lat' dir='ltr'><strong>Severo</strong></span> <span class='ocrx_word' id='word_1_135' title='bbox 1066 2342 1081 2366; x_wconf 94' lang='lat'><strong>,</strong></span> <span class='ocrx_word' id='word_1_136' title='bbox 1144 2300 1486 2370; x_wconf 82' lang='lat' dir='ltr'><strong>Symmachus</strong></span> <span class='ocrx_word' id='word_1_137' title='bbox 1537 2302 1786 2368; x_wconf 74' lang='lat' dir='ltr'><strong>interpres</strong></span> 
     </span>
    </p>
   </div>
   <div class='ocr_carea' id='block_1_22' title="bbox 165 2389 1788 2460">
    <p class='ocr_par' dir='ltr' id='par_1_22' title="bbox 165 2389 1788 2460">
     <span class='ocr_line' id='line_1_22' title="bbox 165 2389 1788 2460; baseline -0.001 -18"><span class='ocrx_word' id='word_1_138' title='bbox 165 2405 247 2456; x_wconf 66' lang='lat' dir='ltr'><strong>quc</strong></span> <span class='ocrx_word' id='word_1_139' title='bbox 285 2403 431 2443; x_wconf 84' lang='lat' dir='ltr'><strong>artus</strong></span> <span class='ocrx_word' id='word_1_140' title='bbox 461 2393 803 2460; x_wconf 83' lang='lat' dir='ltr'><strong>agnoscitur.</strong></span> <span class='ocrx_word' id='word_1_141' title='bbox 839 2390 1269 2444; x_wconf 87' lang='lat' dir='ltr'><strong>Theodotionem</strong></span> <span class='ocrx_word' id='word_1_142' title='bbox 1303 2391 1464 2458; x_wconf 81' lang='lat' dir='ltr'><strong>igitur</strong></span> <span class='ocrx_word' id='word_1_143' title='bbox 1490 2400 1610 2442; x_wconf 83' lang='lat' dir='ltr'><strong>ante</strong></span> <span class='ocrx_word' id='word_1_144' title='bbox 1634 2389 1788 2459; x_wconf 86' lang='lat' dir='ltr'><strong>Sym-</strong></span> 
     </span>
    </p>
   </div>
   <div class='ocr_carea' id='block_1_23' title="bbox 166 2477 1785 2546">
    <p class='ocr_par' dir='ltr' id='par_1_23' title="bbox 166 2477 1785 2546">
     <span class='ocr_line' id='line_1_23' title="bbox 166 2477 1785 2546; baseline 0.002 -21"><span class='ocrx_word' id='word_1_145' title='bbox 166 2479 464 2529; x_wconf 69' lang='lat' dir='ltr'><strong>machum</strong></span> <span class='ocrx_word' id='word_1_146' title='bbox 500 2478 810 2531; x_wconf 89' lang='lat' dir='ltr'><strong>editionem</strong></span> <span class='ocrx_word' id='word_1_147' title='bbox 849 2478 1104 2532; x_wconf 86' lang='lat' dir='ltr'><strong>emisisse</strong></span> <span class='ocrx_word' id='word_1_148' title='bbox 1135 2493 1310 2542; x_wconf 85' lang='lat' dir='ltr'><strong>suam,</strong></span> <span class='ocrx_word' id='word_1_149' title='bbox 1343 2493 1408 2529; x_wconf 76' lang='lat' dir='ltr'><strong>ex</strong></span> <span class='ocrx_word' id='word_1_150' title='bbox 1439 2477 1504 2531; x_wconf 89' lang='lat' dir='ltr'><strong>iis</strong></span> <span class='ocrx_word' id='word_1_151' title='bbox 1537 2493 1653 2546; x_wconf 73' lang='lat' dir='ltr'><strong>quae</strong></span> <span class='ocrx_word' id='word_1_152' title='bbox 1693 2493 1785 2530; x_wconf 89' lang='lat' dir='ltr'><strong>su-</strong></span> 
     </span>
    </p>
   </div>
   <div class='ocr_carea' id='block_1_24' title="bbox 165 2566 1789 2634">
    <p class='ocr_par' dir='ltr' id='par_1_24' title="bbox 165 2566 1789 2634">
     <span class='ocr_line' id='line_1_24' title="bbox 165 2566 1789 2634; baseline 0.002 -17"><span class='ocrx_word' id='word_1_153' title='bbox 165 2567 471 2631; x_wconf 60' lang='lat' dir='ltr'><strong>pradicta</strong></span> <span class='ocrx_word' id='word_1_154' title='bbox 508 2576 666 2629; x_wconf 88' lang='lat' dir='ltr'><strong>sunt;</strong></span> <span class='ocrx_word' id='word_1_155' title='bbox 728 2567 1003 2631; x_wconf 87' lang='lat' dir='ltr'><strong>liquidum</strong></span> <span class='ocrx_word' id='word_1_156' title='bbox 1046 2577 1149 2621; x_wconf 90' lang='lat' dir='ltr'><strong>est.</strong></span> <span class='ocrx_word' id='word_1_157' title='bbox 1206 2566 1443 2634; x_wconf 90' lang='lat' dir='ltr'><strong>ldipsum</strong></span> <span class='ocrx_word' id='word_1_158' title='bbox 1501 2568 1789 2621; x_wconf 83' lang='lat' dir='ltr'><strong>credidisse</strong></span> 
     </span>
    </p>
   </div>
   <div class='ocr_carea' id='block_1_25' title="bbox 167 2655 1784 2728">
    <p class='ocr_par' dir='ltr' id='par_1_25' title="bbox 167 2655 1784 2728">
     <span class='ocr_line' id='line_1_25' title="bbox 167 2655 1784 2728; baseline 0.002 -24"><span class='ocrx_word' id='word_1_159' title='bbox 167 2656 224 2705; x_wconf 73' lang='lat' dir='ltr'><strong>vi</strong></span> <span class='ocrx_word' id='word_1_160' title='bbox 258 2657 424 2709; x_wconf 54' lang='lat' dir='ltr'><strong>aletur</strong></span> <span class='ocrx_word' id='word_1_161' title='bbox 456 2656 860 2728; x_wconf 83' lang='lat' dir='ltr'><strong>llieronymus,</strong></span> <span class='ocrx_word' id='word_1_162' title='bbox 892 2657 986 2726; x_wconf 89' lang='lat' dir='ltr'><strong>qui</strong></span> <span class='ocrx_word' id='word_1_163' title='bbox 1020 2658 1096 2710; x_wconf 90' lang='lat' dir='ltr'><strong>ait</strong></span> <span class='ocrx_word' id='word_1_164' title='bbox 1119 2656 1406 2709; x_wconf 86' lang='lat' dir='ltr'><strong>Comment.</strong></span> <span class='ocrx_word' id='word_1_165' title='bbox 1426 2658 1478 2708; x_wconf 91' lang='lat' dir='ltr'><strong>in</strong></span> <span class='ocrx_word' id='word_1_166' title='bbox 1515 2655 1784 2717; x_wconf 84' lang='lat' dir='ltr'><strong>Ilesaiam,</strong></span> 
     </span>
    </p>
   </div>
   <div class='ocr_carea' id='block_1_26' title="bbox 169 2743 1789 2812">
    <p class='ocr_par' dir='ltr' id='par_1_26' title="bbox 169 2743 1789 2812">
     <span class='ocr_line' id='line_1_26' title="bbox 169 2743 1789 2812; baseline 0 -17"><span class='ocrx_word' id='word_1_167' title='bbox 169 2757 348 2812; x_wconf 55' lang='lat' dir='ltr'><strong>cap.</strong></span> <span class='ocrx_word' id='word_1_168' title='bbox 375 2760 495 2798; x_wconf 77' lang='lat' dir='ltr'><strong>mn</strong></span> <span class='ocrx_word' id='word_1_169' title='bbox 529 2788 545 2810; x_wconf 87' lang='lat'><strong>,</strong></span> <span class='ocrx_word' id='word_1_170' title='bbox 582 2762 637 2799; x_wconf 86' lang='lat' dir='ltr'><strong>v.</strong></span> <span class='ocrx_word' id='word_1_171' title='bbox 679 2745 716 2798; x_wconf 85' lang='lat'><strong>6</strong></span> <span class='ocrx_word' id='word_1_172' title='bbox 750 2764 766 2800; x_wconf 89' lang='lat'><strong>:</strong></span> <span class='ocrx_word' id='word_1_173' title='bbox 826 2745 937 2798; x_wconf 87' lang='lat' dir='ltr'><strong>Pro</strong></span> <span class='ocrx_word' id='word_1_174' title='bbox 970 2754 1156 2797; x_wconf 86' lang='lat' dir='ltr'><strong>catena</strong></span> <span class='ocrx_word' id='word_1_175' title='bbox 1197 2743 1349 2796; x_wconf 82' lang='lat' dir='ltr'><em>LXX</em></span> <span class='ocrx_word' id='word_1_176' title='bbox 1383 2743 1702 2812; x_wconf 76' lang='grc' dir='ltr'><strong>σύνδεσμον,</strong></span> <span class='ocrx_word' id='word_1_177' title='bbox 1736 2743 1789 2796; x_wconf 87' lang='lat' dir='ltr'><strong>id</strong></span> 
     </span>
    </p>
   </div>
   <div class='ocr_carea' id='block_1_27' title="bbox 172 2833 1789 2904">
    <p class='ocr_par' dir='ltr' id='par_1_27' title="bbox 172 2833 1789 2904">
     <span class='ocr_line' id='line_1_27' title="bbox 172 2833 1789 2904; baseline 0.001 -19"><span class='ocrx_word' id='word_1_178' title='bbox 172 2848 259 2885; x_wconf 71' lang='lat' dir='ltr'><strong>es</strong></span> <span class='ocrx_word' id='word_1_179' title='bbox 283 2843 301 2886; x_wconf 88' lang='lat' dir='ltr'><strong>t</strong></span> <span class='ocrx_word' id='word_1_180' title='bbox 318 2835 734 2904; x_wconf 85' lang='lat' dir='ltr'><strong>colligationem,</strong></span> <span class='ocrx_word' id='word_1_181' title='bbox 750 2837 859 2888; x_wconf 84' lang='lat' dir='ltr'><strong>sive</strong></span> <span class='ocrx_word' id='word_1_182' title='bbox 874 2834 1150 2889; x_wconf 85' lang='lat' dir='ltr'><strong>vinculum</strong></span> <span class='ocrx_word' id='word_1_183' title='bbox 1171 2834 1544 2887; x_wconf 78' lang='lat' dir='ltr'><strong>transtulerunt</strong></span> <span class='ocrx_word' id='word_1_184' title='bbox 1561 2849 1581 2897; x_wconf 91' lang='lat'><strong><em>;</em></strong></span> <span class='ocrx_word' id='word_1_185' title='bbox 1597 2833 1789 2903; x_wconf 82' lang='lat' dir='ltr'><strong>Aquila</strong></span> 
     </span>
    </p>
   </div>
   <div class='ocr_carea' id='block_1_28' title="bbox 175 2922 1785 2994">
    <p class='ocr_par' dir='ltr' id='par_1_28' title="bbox 175 2922 1785 2994">
     <span class='ocr_line' id='line_1_28' title="bbox 175 2922 1785 2994; baseline 0.001 -19"><span class='ocrx_word' id='word_1_186' title='bbox 175 2924 358 2976; x_wconf 53' lang='grc' dir='ltr'><strong>δίκαι</strong></span> <span class='ocrx_word' id='word_1_187' title='bbox 379 2941 530 2985; x_wconf 73' lang='lat' dir='ltr'><strong>supra</strong></span> <span class='ocrx_word' id='word_1_188' title='bbox 560 2941 815 2980; x_wconf 81' lang='lat' dir='ltr'><strong>errorem</strong></span> <span class='ocrx_word' id='word_1_189' title='bbox 846 2927 1223 2992; x_wconf 76' lang='lat' dir='ltr'><strong>interpretatus</strong></span> <span class='ocrx_word' id='word_1_190' title='bbox 1252 2933 1328 2977; x_wconf 87' lang='lat' dir='ltr'><strong>est</strong></span> <span class='ocrx_word' id='word_1_191' title='bbox 1351 2941 1371 2988; x_wconf 90' lang='lat'><strong><em>;</em></strong></span> <span class='ocrx_word' id='word_1_192' title='bbox 1407 2922 1744 2994; x_wconf 75' lang='lat' dir='ltr'><strong>Symmachus</strong></span> <span class='ocrx_word' id='word_1_193' title='bbox 1770 2966 1785 2991; x_wconf 90' lang='lat'><strong>,</strong></span> 
     </span>
    </p>
   </div>
   <div class='ocr_carea' id='block_1_29' title="bbox 174 3008 1788 3091">
    <p class='ocr_par' dir='ltr' id='par_1_29' title="bbox 174 3008 1788 3091">
     <span class='ocr_line' id='line_1_29' title="bbox 174 3008 1788 3091; baseline 0.004 -31"><span class='ocrx_word' id='word_1_194' title='bbox 174 3008 267 3060; x_wconf 59' lang='lat' dir='ltr'><strong>ita</strong></span> <span class='ocrx_word' id='word_1_195' title='bbox 314 3008 678 3065; x_wconf 79' lang='lat' dir='ltr'><strong>Tlteodotionis</strong></span> <span class='ocrx_word' id='word_1_196' title='bbox 710 3016 853 3067; x_wconf 85' lang='lat' dir='ltr'><strong>scita</strong></span> <span class='ocrx_word' id='word_1_197' title='bbox 871 3014 1175 3076; x_wconf 78' lang='lat' dir='ltr'><strong>concedens,</strong></span> <span class='ocrx_word' id='word_1_198' title='bbox 1198 3021 1436 3081; x_wconf 86' lang='lat' dir='ltr'><strong>torquem</strong></span> <span class='ocrx_word' id='word_1_199' title='bbox 1459 3015 1650 3091; x_wconf 72' lang='lat' dir='ltr'><strong>posuit.</strong></span> <span class='ocrx_word' id='word_1_200' title='bbox 1670 3013 1788 3079; x_wconf 86' lang='lat' dir='ltr'><strong>Quo</strong></span> 
     </span>
    </p>
   </div>
   <div class='ocr_carea' id='block_1_30' title="bbox 179 3097 1787 3170">
    <p class='ocr_par' dir='ltr' id='par_1_30' title="bbox 179 3097 1787 3170">
     <span class='ocr_line' id='line_1_30' title="bbox 179 3097 1787 3170; baseline 0.004 -20"><span class='ocrx_word' id='word_1_201' title='bbox 179 3097 421 3157; x_wconf 68' lang='lat' dir='ltr'><strong>iindicat</strong></span> <span class='ocrx_word' id='word_1_202' title='bbox 448 3098 846 3170; x_wconf 81' lang='lat' dir='ltr'><strong>Symmachum</strong></span> <span class='ocrx_word' id='word_1_203' title='bbox 903 3104 958 3156; x_wconf 90' lang='lat' dir='ltr'><strong>in</strong></span> <span class='ocrx_word' id='word_1_204' title='bbox 1007 3104 1242 3156; x_wconf 87' lang='lat' dir='ltr'><strong>editione</strong></span> <span class='ocrx_word' id='word_1_205' title='bbox 1275 3118 1368 3156; x_wconf 85' lang='lat' dir='ltr'><strong>sua</strong></span> <span class='ocrx_word' id='word_1_206' title='bbox 1404 3111 1642 3156; x_wconf 88' lang='lat' dir='ltr'><strong>secutum</strong></span> <span class='ocrx_word' id='word_1_207' title='bbox 1670 3119 1787 3157; x_wconf 81' lang='lat' dir='ltr'><strong>esse</strong></span> 
     </span>
    </p>
   </div>
   <div class='ocr_carea' id='block_1_31' title="bbox 183 3188 1783 3264">
    <p class='ocr_par' dir='ltr' id='par_1_31' title="bbox 183 3188 1783 3264">
     <span class='ocr_line' id='line_1_31' title="bbox 183 3188 1783 3264; baseline 0.001 -21"><span class='ocrx_word' id='word_1_208' title='bbox 183 3188 718 3264; x_wconf 78' lang='lat' dir='ltr'><strong>ir-terpretationem</strong></span> <span class='ocrx_word' id='word_1_209' title='bbox 749 3191 1175 3253; x_wconf 89' lang='lat' dir='ltr'><strong>Theodotionis,</strong></span> <span class='ocrx_word' id='word_1_210' title='bbox 1210 3199 1391 3259; x_wconf 87' lang='lat' dir='ltr'><strong>utpote</strong></span> <span class='ocrx_word' id='word_1_211' title='bbox 1430 3191 1783 3260; x_wconf 86' lang='lat' dir='ltr'><strong>antiquioris;</strong></span> 
     </span>
    </p>
   </div>
   <div class='ocr_carea' id='block_1_32' title="bbox 184 3281 1786 3350">
    <p class='ocr_par' dir='ltr' id='par_1_32' title="bbox 184 3281 1786 3350">
     <span class='ocr_line' id='line_1_32' title="bbox 184 3281 1786 3350; baseline -0.001 -15"><span class='ocrx_word' id='word_1_212' title='bbox 184 3286 563 3339; x_wconf 67' lang='lat' dir='ltr'><strong>conﬁrmatur</strong></span> <span class='ocrx_word' id='word_1_213' title='bbox 584 3284 755 3339; x_wconf 89' lang='lat' dir='ltr'><strong>etiam</strong></span> <span class='ocrx_word' id='word_1_214' title='bbox 792 3283 990 3337; x_wconf 67' lang='lat' dir='ltr'><strong>lrenaai</strong></span> <span class='ocrx_word' id='word_1_215' title='bbox 1017 3282 1159 3342; x_wconf 81' lang='lat' dir='ltr'><strong>loco,</strong></span> <span class='ocrx_word' id='word_1_216' title='bbox 1186 3281 1276 3334; x_wconf 88' lang='lat' dir='ltr'><strong>ubi</strong></span> <span class='ocrx_word' id='word_1_217' title='bbox 1307 3282 1477 3350; x_wconf 84' lang='lat' dir='ltr'><strong>carpit</strong></span> <span class='ocrx_word' id='word_1_218' title='bbox 1507 3281 1593 3333; x_wconf 88' lang='lat' dir='ltr'><strong>ille</strong></span> <span class='ocrx_word' id='word_1_219' title='bbox 1619 3281 1786 3350; x_wconf 84' lang='lat' dir='ltr'><strong>Aqui-</strong></span> 
     </span>
    </p>
   </div>
   <div class='ocr_carea' id='block_1_33' title="bbox 185 3368 1787 3440">
    <p class='ocr_par' dir='ltr' id='par_1_33' title="bbox 185 3368 1787 3440">
     <span class='ocr_line' id='line_1_33' title="bbox 185 3368 1787 3440; baseline -0.001 -12"><span class='ocrx_word' id='word_1_220' title='bbox 185 3368 329 3428; x_wconf 63' lang='lat' dir='ltr'><strong>lam</strong></span> <span class='ocrx_word' id='word_1_221' title='bbox 356 3384 406 3429; x_wconf 86' lang='lat' dir='ltr'><strong>et</strong></span> <span class='ocrx_word' id='word_1_222' title='bbox 451 3375 887 3430; x_wconf 87' lang='lat' dir='ltr'><strong>Theodotionem</strong></span> <span class='ocrx_word' id='word_1_223' title='bbox 942 3380 1175 3435; x_wconf 91' lang='lat' dir='ltr'><strong>tantum,</strong></span> <span class='ocrx_word' id='word_1_224' title='bbox 1233 3373 1375 3440; x_wconf 88' lang='lat' dir='ltr'><strong>quod</strong></span> <span class='ocrx_word' id='word_1_225' title='bbox 1409 3387 1527 3440; x_wconf 88' lang='lat' dir='ltr'><strong>cap.</strong></span> <span class='ocrx_word' id='word_1_226' title='bbox 1562 3387 1632 3425; x_wconf 88' lang='lat' dir='ltr'><strong>vn</strong></span> <span class='ocrx_word' id='word_1_227' title='bbox 1683 3372 1787 3427; x_wconf 88' lang='lat' dir='ltr'><strong>lle-</strong></span> 
     </span>
    </p>
   </div>
   <div class='ocr_carea' id='block_1_34' title="bbox 186 3450 1784 3529">
    <p class='ocr_par' dir='ltr' id='par_1_34' title="bbox 186 3450 1784 3529">
     <span class='ocr_line' id='line_1_34' title="bbox 186 3450 1784 3529; baseline -0.002 -12"><span class='ocrx_word' id='word_1_228' title='bbox 186 3467 352 3520; x_wconf 77' lang='lat' dir='ltr'><strong>s=i:e</strong></span> <span class='ocrx_word' id='word_1_229' title='bbox 379 3483 557 3521; x_wconf 82' lang='lat' dir='ltr'><strong>vocem</strong></span> <span class='ocrx_word' id='word_1_230' title='bbox 590 3450 756 3528; x_wconf 59' lang='grc' dir='ltr'><strong>Πῖώῖ</strong></span> <span class='ocrx_word' id='word_1_231' title='bbox 789 3462 1062 3517; x_wconf 82' lang='lat' dir='ltr'><strong>verterint</strong></span> <span class='ocrx_word' id='word_1_232' title='bbox 1110 3460 1288 3523; x_wconf 72' lang='grc' dir='ltr'><strong>νεανὶς</strong></span> <span class='ocrx_word' id='word_1_233' title='bbox 1314 3499 1328 3523; x_wconf 91' lang='grc'>,</span> <span class='ocrx_word' id='word_1_234' title='bbox 1362 3460 1745 3514; x_wconf 80' lang='lat' dir='ltr'><strong>adulescentula</strong></span> <span class='ocrx_word' id='word_1_235' title='bbox 1768 3503 1784 3529; x_wconf 93' lang='lat'><strong>,</strong></span> 
     </span>
    </p>
   </div>
   <div class='ocr_carea' id='block_1_35' title="bbox 185 3550 1783 3626">
    <p class='ocr_par' dir='ltr' id='par_1_35' title="bbox 185 3550 1783 3626">
     <span class='ocr_line' id='line_1_35' title="bbox 185 3550 1783 3626; baseline -0.001 -20"><span class='ocrx_word' id='word_1_236' title='bbox 185 3565 233 3601; x_wconf 76' lang='lat' dir='ltr'><strong>II</strong></span> <span class='ocrx_word' id='word_1_237' title='bbox 256 3571 333 3607; x_wconf 77' lang='lat' dir='ltr'><strong>on</strong></span> <span class='ocrx_word' id='word_1_238' title='bbox 361 3556 640 3626; x_wconf 76' lang='grc' dir='ltr'><strong>παρθένος,</strong></span> <span class='ocrx_word' id='word_1_239' title='bbox 679 3556 854 3623; x_wconf 77' lang='lat' dir='ltr'><strong>virgo,</strong></span> <span class='ocrx_word' id='word_1_240' title='bbox 893 3563 955 3606; x_wconf 91' lang='lat' dir='ltr'><strong>ut</strong></span> <span class='ocrx_word' id='word_1_241' title='bbox 985 3550 1124 3603; x_wconf 74' lang='lat' dir='ltr'><strong>LXX</strong></span> <span class='ocrx_word' id='word_1_242' title='bbox 1152 3551 1485 3619; x_wconf 85' lang='lat' dir='ltr'><strong>interpretes.</strong></span> <span class='ocrx_word' id='word_1_243' title='bbox 1524 3550 1578 3604; x_wconf 89' lang='lat' dir='ltr'><strong>Si</strong></span> <span class='ocrx_word' id='word_1_244' title='bbox 1605 3562 1783 3606; x_wconf 89' lang='lat' dir='ltr'><strong>autem</strong></span> 
     </span>
    </p>
   </div>
   <div class='ocr_carea' id='block_1_36' title="bbox 188 3638 1782 3715">
    <p class='ocr_par' dir='ltr' id='par_1_36' title="bbox 188 3638 1782 3715">
     <span class='ocr_line' id='line_1_36' title="bbox 188 3638 1782 3715; baseline -0.002 -17"><span class='ocrx_word' id='word_1_245' title='bbox 188 3638 578 3714; x_wconf 73' lang='lat' dir='ltr'><strong>Symmachus</strong></span> <span class='ocrx_word' id='word_1_246' title='bbox 600 3649 715 3715; x_wconf 89' lang='lat' dir='ltr'><strong>jam</strong></span> <span class='ocrx_word' id='word_1_247' title='bbox 757 3644 1063 3698; x_wconf 88' lang='lat' dir='ltr'><strong>editionem</strong></span> <span class='ocrx_word' id='word_1_248' title='bbox 1083 3656 1235 3694; x_wconf 88' lang='lat' dir='ltr'><strong>suam</strong></span> <span class='ocrx_word' id='word_1_249' title='bbox 1258 3640 1524 3709; x_wconf 83' lang='lat' dir='ltr'><strong>publicam</strong></span> <span class='ocrx_word' id='word_1_250' title='bbox 1553 3640 1782 3706; x_wconf 76' lang='lat' dir='ltr'><strong>fecisset,</strong></span> 
     </span>
    </p>
   </div>
   <div class='ocr_carea' id='block_1_37' title="bbox 187 3730 1783 3805">
    <p class='ocr_par' dir='ltr' id='par_1_37' title="bbox 187 3730 1783 3805">
     <span class='ocr_line' id='line_1_37' title="bbox 187 3730 1783 3805; baseline -0.003 -18"><span class='ocrx_word' id='word_1_251' title='bbox 187 3744 348 3789; x_wconf 59' lang='grc' dir='ltr'>εηιιη</span> <span class='ocrx_word' id='word_1_252' title='bbox 382 3748 432 3790; x_wconf 85' lang='lat' dir='ltr'><strong>et</strong></span> <span class='ocrx_word' id='word_1_253' title='bbox 460 3739 569 3805; x_wconf 88' lang='lat' dir='ltr'><strong>ipse</strong></span> <span class='ocrx_word' id='word_1_254' title='bbox 613 3734 798 3796; x_wconf 73' lang='lat' dir='ltr'><strong>vsavt;</strong></span> <span class='ocrx_word' id='word_1_255' title='bbox 836 3730 1210 3794; x_wconf 79' lang='lat' dir='ltr'><strong>transtulerit,</strong></span> <span class='ocrx_word' id='word_1_256' title='bbox 1259 3745 1324 3782; x_wconf 91' lang='lat' dir='ltr'><strong>an</strong></span> <span class='ocrx_word' id='word_1_257' title='bbox 1371 3731 1783 3797; x_wconf 61' lang='lat' dir='ltr'><strong>praetermitten-</strong></span> 
     </span>
    </p>
   </div>
   <div class='ocr_carea' id='block_1_38' title="bbox 189 3817 1783 3880">
    <p class='ocr_par' dir='ltr' id='par_1_38' title="bbox 189 3817 1783 3880">
     <span class='ocr_line' id='line_1_38' title="bbox 189 3817 1783 3880; baseline -0.003 -4"><span class='ocrx_word' id='word_1_258' title='bbox 189 3820 333 3879; x_wconf 64' lang='grc' dir='ltr'><strong>ἐπε</strong></span> <span class='ocrx_word' id='word_1_259' title='bbox 359 3835 469 3879; x_wconf 89' lang='lat' dir='ltr'><strong>erat</strong></span> <span class='ocrx_word' id='word_1_260' title='bbox 498 3827 564 3880; x_wconf 88' lang='lat' dir='ltr'><strong>ab</strong></span> <span class='ocrx_word' id='word_1_261' title='bbox 592 3822 853 3878; x_wconf 66' lang='lat' dir='ltr'><strong>Irenaeo?</strong></span> <span class='ocrx_word' id='word_1_262' title='bbox 879 3821 953 3873; x_wconf 81' lang='lat' dir='ltr'><strong>At</strong></span> <span class='ocrx_word' id='word_1_263' title='bbox 992 3835 1115 3874; x_wconf 89' lang='lat' dir='ltr'><strong>cum</strong></span> <span class='ocrx_word' id='word_1_264' title='bbox 1153 3834 1219 3872; x_wconf 78' lang='lat' dir='ltr'><strong>ex</strong></span> <span class='ocrx_word' id='word_1_265' title='bbox 1265 3817 1520 3872; x_wconf 88' lang='lat' dir='ltr'><strong>Chronico</strong></span> <span class='ocrx_word' id='word_1_266' title='bbox 1553 3819 1783 3873; x_wconf 69' lang='lat' dir='ltr'><strong>Alexan-</strong></span> 
     </span>
    </p>
   </div>
   <div class='ocr_carea' id='block_1_39' title="bbox 189 3909 1783 3981">
    <p class='ocr_par' dir='ltr' id='par_1_39' title="bbox 189 3909 1783 3981">
     <span class='ocr_line' id='line_1_39' title="bbox 189 3909 1783 3981; baseline 0 -16"><span class='ocrx_word' id='word_1_267' title='bbox 189 3912 402 3981; x_wconf 67' lang='lat' dir='ltr'><strong>‘rino,</strong></span> <span class='ocrx_word' id='word_1_268' title='bbox 431 3931 569 3969; x_wconf 88' lang='lat' dir='ltr'><strong>anno</strong></span> <span class='ocrx_word' id='word_1_269' title='bbox 599 3915 789 3971; x_wconf 83' lang='lat' dir='ltr'><strong>Severi</strong></span> <span class='ocrx_word' id='word_1_270' title='bbox 822 3926 975 3966; x_wconf 90' lang='lat' dir='ltr'><strong>nono</strong></span> <span class='ocrx_word' id='word_1_271' title='bbox 1004 3909 1361 3980; x_wconf 87' lang='lat' dir='ltr'><strong>Symmachus</strong></span> <span class='ocrx_word' id='word_1_272' title='bbox 1392 3909 1783 3978; x_wconf 87' lang='lat' dir='ltr'><strong>interpretatio-</strong></span> 
     </span>
    </p>
   </div>
   <div class='ocr_carea' id='block_1_40' title="bbox 190 4000 1785 4068">
    <p class='ocr_par' dir='ltr' id='par_1_40' title="bbox 190 4000 1785 4068">
     <span class='ocr_line' id='line_1_40' title="bbox 190 4000 1785 4068; baseline -0.001 -12"><span class='ocrx_word' id='word_1_273' title='bbox 190 4012 353 4058; x_wconf 70' lang='lat' dir='ltr'><strong>nem</strong></span> <span class='ocrx_word' id='word_1_274' title='bbox 379 4021 523 4059; x_wconf 88' lang='lat' dir='ltr'><strong>suam</strong></span> <span class='ocrx_word' id='word_1_275' title='bbox 548 4002 995 4063; x_wconf 86' lang='lat' dir='ltr'><strong>concinnaverit,</strong></span> <span class='ocrx_word' id='word_1_276' title='bbox 1025 4014 1132 4053; x_wconf 92' lang='lat' dir='ltr'><strong>non</strong></span> <span class='ocrx_word' id='word_1_277' title='bbox 1165 4001 1340 4068; x_wconf 89' lang='lat' dir='ltr'><strong>potuit</strong></span> <span class='ocrx_word' id='word_1_278' title='bbox 1387 4001 1455 4054; x_wconf 91' lang='lat' dir='ltr'><strong>ab</strong></span> <span class='ocrx_word' id='word_1_279' title='bbox 1480 4000 1674 4055; x_wconf 72' lang='lat' dir='ltr'><strong>Irenaeo</strong></span> <span class='ocrx_word' id='word_1_280' title='bbox 1703 4018 1785 4055; x_wconf 87' lang='lat' dir='ltr'><strong>re-</strong></span> 
     </span>
    </p>
   </div>
   <div class='ocr_carea' id='block_1_41' title="bbox 183 4090 1786 4165">
    <p class='ocr_par' dir='ltr' id='par_1_41' title="bbox 183 4090 1786 4165">
     <span class='ocr_line' id='line_1_41' title="bbox 183 4090 1786 4165; baseline -0.002 -15"><span class='ocrx_word' id='word_1_281' title='bbox 183 4097 497 4157; x_wconf 60' lang='lat' dir='ltr'><strong>prehendi,</strong></span> <span class='ocrx_word' id='word_1_282' title='bbox 522 4098 612 4165; x_wconf 85' lang='lat' dir='ltr'><strong>qui</strong></span> <span class='ocrx_word' id='word_1_283' title='bbox 645 4111 798 4150; x_wconf 89' lang='lat' dir='ltr'><strong>anno</strong></span> <span class='ocrx_word' id='word_1_284' title='bbox 827 4093 1052 4148; x_wconf 87' lang='lat' dir='ltr'><strong>circiter</strong></span> <span class='ocrx_word' id='word_1_285' title='bbox 1079 4091 1315 4145; x_wconf 88' lang='lat' dir='ltr'><strong>secundo</strong></span> <span class='ocrx_word' id='word_1_286' title='bbox 1347 4090 1586 4159; x_wconf 83' lang='lat' dir='ltr'><strong>ejusdem</strong></span> <span class='ocrx_word' id='word_1_287' title='bbox 1618 4092 1786 4162; x_wconf 86' lang='lat' dir='ltr'><strong>impe-</strong></span> 
     </span>
    </p>
   </div>
   <div class='ocr_carea' id='block_1_42' title="bbox 184 4180 1784 4257">
    <p class='ocr_par' dir='ltr' id='par_1_42' title="bbox 184 4180 1784 4257">
     <span class='ocr_line' id='line_1_42' title="bbox 184 4180 1784 4257; baseline -0.001 -19"><span class='ocrx_word' id='word_1_288' title='bbox 184 4188 426 4241; x_wconf 59' lang='lat' dir='ltr'><strong>ratoris</strong></span> <span class='ocrx_word' id='word_1_289' title='bbox 453 4188 775 4257; x_wconf 75' lang='lat' dir='ltr'><strong>martyrium</strong></span> <span class='ocrx_word' id='word_1_290' title='bbox 813 4197 1013 4253; x_wconf 86' lang='lat' dir='ltr'><strong>passus</strong></span> <span class='ocrx_word' id='word_1_291' title='bbox 1053 4196 1173 4233; x_wconf 88' lang='lat' dir='ltr'><strong>esse</strong></span> <span class='ocrx_word' id='word_1_292' title='bbox 1208 4190 1444 4249; x_wconf 89' lang='lat' dir='ltr'><strong>putatur.</strong></span> <span class='ocrx_word' id='word_1_293' title='bbox 1482 4180 1616 4235; x_wconf 83' lang='lat' dir='ltr'><strong>Hinc</strong></span> <span class='ocrx_word' id='word_1_294' title='bbox 1657 4197 1784 4236; x_wconf 86' lang='lat' dir='ltr'><strong>vero</strong></span> 
     </span>
    </p>
   </div>
   <div class='ocr_carea' id='block_1_43' title="bbox 187 4268 1781 4343">
    <p class='ocr_par' dir='ltr' id='par_1_43' title="bbox 187 4268 1781 4343">
     <span class='ocr_line' id='line_1_43' title="bbox 187 4268 1781 4343; baseline -0.001 -16"><span class='ocrx_word' id='word_1_295' title='bbox 187 4277 466 4343; x_wconf 63' lang='lat' dir='ltr'><strong>corrigas</strong></span> <span class='ocrx_word' id='word_1_296' title='bbox 495 4278 655 4331; x_wconf 88' lang='lat' dir='ltr'><strong>velim</strong></span> <span class='ocrx_word' id='word_1_297' title='bbox 687 4284 936 4329; x_wconf 84' lang='lat' dir='ltr'><strong>nostram</strong></span> <span class='ocrx_word' id='word_1_298' title='bbox 973 4271 1038 4324; x_wconf 82' lang='lat' dir='ltr'><strong>ad</strong></span> <span class='ocrx_word' id='word_1_299' title='bbox 1069 4268 1346 4337; x_wconf 83' lang='lat' dir='ltr'><strong>Synapsim</strong></span> <span class='ocrx_word' id='word_1_300' title='bbox 1384 4270 1668 4338; x_wconf 76' lang='lat' dir='ltr'><strong>Scriptum</strong></span> <span class='ocrx_word' id='word_1_301' title='bbox 1692 4289 1781 4326; x_wconf 56' lang='lat' dir='ltr'><strong>sae</strong></span> 
     </span>
    </p>
   </div>
   <div class='ocr_carea' id='block_1_44' title="bbox 189 4361 1778 4434">
    <p class='ocr_par' dir='ltr' id='par_1_44' title="bbox 189 4361 1778 4434">
     <span class='ocr_line' id='line_1_44' title="bbox 189 4361 1778 4434; baseline 0.001 -19"><span class='ocrx_word' id='word_1_302' title='bbox 189 4379 339 4419; x_wconf 67' lang='lat' dir='ltr'><strong>crte</strong></span> <span class='ocrx_word' id='word_1_303' title='bbox 357 4377 548 4431; x_wconf 84' lang='lat' dir='ltr'><strong>notam,</strong></span> <span class='ocrx_word' id='word_1_304' title='bbox 591 4368 684 4421; x_wconf 89' lang='lat' dir='ltr'><strong>ubi</strong></span> <span class='ocrx_word' id='word_1_305' title='bbox 708 4375 837 4434; x_wconf 85' lang='lat' dir='ltr'><strong>post</strong></span> <span class='ocrx_word' id='word_1_306' title='bbox 872 4363 1193 4433; x_wconf 82' lang='lat' dir='ltr'><strong>Dionysium</strong></span> <span class='ocrx_word' id='word_1_307' title='bbox 1227 4361 1500 4416; x_wconf 86' lang='lat' dir='ltr'><strong>Petavium</strong></span> <span class='ocrx_word' id='word_1_308' title='bbox 1528 4364 1778 4427; x_wconf 79' lang='lat' dir='ltr'><strong>diximus,</strong></span> 
     </span>
    </p>
   </div>
   <div class='ocr_carea' id='block_1_45' title="bbox 200 4451 1780 4525">
    <p class='ocr_par' dir='ltr' id='par_1_45' title="bbox 200 4451 1780 4525">
     <span class='ocr_line' id='line_1_45' title="bbox 200 4451 1780 4525; baseline -0.001 -18"><span class='ocrx_word' id='word_1_309' title='bbox 200 4451 608 4525; x_wconf 60' lang='lat' dir='ltr'><strong>$ymmacbum</strong></span> <span class='ocrx_word' id='word_1_310' title='bbox 640 4457 942 4511; x_wconf 84' lang='lat' dir='ltr'><strong>editionem</strong></span> <span class='ocrx_word' id='word_1_311' title='bbox 977 4468 1134 4507; x_wconf 89' lang='lat' dir='ltr'><strong>suam</strong></span> <span class='ocrx_word' id='word_1_312' title='bbox 1166 4454 1413 4508; x_wconf 86' lang='lat' dir='ltr'><strong>emisisse</strong></span> <span class='ocrx_word' id='word_1_313' title='bbox 1457 4464 1579 4509; x_wconf 88' lang='lat' dir='ltr'><strong>ante</strong></span> <span class='ocrx_word' id='word_1_314' title='bbox 1608 4454 1780 4507; x_wconf 90' lang='lat' dir='ltr'><strong>Theo-</strong></span> 
     </span>
    </p>
   </div>
   <div class='ocr_carea' id='block_1_46' title="bbox 194 4544 514 4601">
    <p class='ocr_par' dir='ltr' id='par_1_46' title="bbox 194 4544 514 4601">
     <span class='ocr_line' id='line_1_46' title="bbox 194 4544 514 4601; baseline 0.013 -5"><span class='ocrx_word' id='word_1_315' title='bbox 194 4544 514 4601; x_wconf 56' lang='lat' dir='ltr'><strong>dotionem.</strong></span> 
     </span>
    </p>
   </div>
   <div class='ocr_carea' id='block_1_47' title="bbox 274 4628 1743 4704">
    <p class='ocr_par' dir='ltr' id='par_1_47' title="bbox 274 4628 1743 4704">
     <span class='ocr_line' id='line_1_47' title="bbox 274 4628 1743 4704; baseline -0.001 -19"><span class='ocrx_word' id='word_1_316' title='bbox 274 4632 351 4688; x_wconf 76' lang='lat' dir='ltr'><strong>IV.</strong></span> <span class='ocrx_word' id='word_1_317' title='bbox 383 4639 460 4689; x_wconf 84' lang='lat' dir='ltr'><strong>An</strong></span> <span class='ocrx_word' id='word_1_318' title='bbox 482 4639 611 4691; x_wconf 87' lang='lat' dir='ltr'><strong>duas</strong></span> <span class='ocrx_word' id='word_1_319' title='bbox 643 4634 1111 4704; x_wconf 82' lang='lat' dir='ltr'><strong>interpretationes</strong></span> <span class='ocrx_word' id='word_1_320' title='bbox 1152 4632 1361 4686; x_wconf 82' lang='lat' dir='ltr'><strong>ediderit</strong></span> <span class='ocrx_word' id='word_1_321' title='bbox 1386 4628 1743 4699; x_wconf 85' lang='lat' dir='ltr'><strong>Symmachus.</strong></span> 
     </span>
    </p>
   </div>
   <div class='ocr_carea' id='block_1_48' title="bbox 307 4717 1782 4795">
    <p class='ocr_par' dir='ltr' id='par_1_48' title="bbox 307 4717 1782 4795">
     <span class='ocr_line' id='line_1_48' title="bbox 307 4717 1782 4795; baseline -0.005 -15"><span class='ocrx_word' id='word_1_322' title='bbox 307 4725 413 4792; x_wconf 84' lang='lat' dir='ltr'><strong>Qua</strong></span> <span class='ocrx_word' id='word_1_323' title='bbox 441 4741 563 4781; x_wconf 84' lang='lat' dir='ltr'><strong>vero</strong></span> <span class='ocrx_word' id='word_1_324' title='bbox 593 4734 878 4795; x_wconf 82' lang='lat' dir='ltr'><strong>permotus</strong></span> <span class='ocrx_word' id='word_1_325' title='bbox 906 4736 1074 4775; x_wconf 88' lang='lat' dir='ltr'><strong>causa</strong></span> <span class='ocrx_word' id='word_1_326' title='bbox 1104 4720 1167 4773; x_wconf 81' lang='lat' dir='ltr'><strong>ad</strong></span> <span class='ocrx_word' id='word_1_327' title='bbox 1217 4717 1547 4787; x_wconf 86' lang='lat' dir='ltr'><strong>Scripturam</strong></span> <span class='ocrx_word' id='word_1_328' title='bbox 1601 4719 1782 4773; x_wconf 65' lang='lat' dir='ltr'><strong>Graece</strong></span> 
     </span>
    </p>
   </div>
   <div class='ocr_carea' id='block_1_49' title="bbox 250 4809 1780 4885">
    <p class='ocr_par' dir='ltr' id='par_1_49' title="bbox 250 4809 1780 4885">
     <span class='ocr_line' id='line_1_49' title="bbox 250 4809 1780 4885; baseline -0.003 -19"><span class='ocrx_word' id='word_1_329' title='bbox 250 4813 673 4885; x_wconf 86' lang='lat' dir='ltr'><strong>interpretandam</strong></span> <span class='ocrx_word' id='word_1_330' title='bbox 717 4814 971 4868; x_wconf 89' lang='lat' dir='ltr'><strong>animum</strong></span> <span class='ocrx_word' id='word_1_331' title='bbox 995 4809 1257 4877; x_wconf 88' lang='lat' dir='ltr'><strong>appulerit</strong></span> <span class='ocrx_word' id='word_1_332' title='bbox 1280 4809 1653 4878; x_wconf 85' lang='lat' dir='ltr'><strong>Symmachus,</strong></span> <span class='ocrx_word' id='word_1_333' title='bbox 1686 4809 1780 4862; x_wconf 88' lang='lat' dir='ltr'><strong>do-</strong></span> 
     </span>
    </p>
   </div>
   <div class='ocr_carea' id='block_1_50' title="bbox 253 4898 1781 4976">
    <p class='ocr_par' dir='ltr' id='par_1_50' title="bbox 253 4898 1781 4976">
     <span class='ocr_line' id='line_1_50' title="bbox 253 4898 1781 4976; baseline -0.007 -12"><span class='ocrx_word' id='word_1_334' title='bbox 253 4918 323 4963; x_wconf 85' lang='lat' dir='ltr'><strong>cet</strong></span> <span class='ocrx_word' id='word_1_335' title='bbox 354 4911 483 4963; x_wconf 90' lang='lat' dir='ltr'><strong>idem</strong></span> <span class='ocrx_word' id='word_1_336' title='bbox 525 4905 871 4976; x_wconf 84' lang='lat' dir='ltr'><strong>Epiphanius</strong></span> <span class='ocrx_word' id='word_1_337' title='bbox 907 4920 920 4954; x_wconf 93' lang='lat'><strong>:</strong></span> <span class='ocrx_word' id='word_1_338' title='bbox 966 4902 1093 4970; x_wconf 85' lang='lat' dir='ltr'><strong>quia</strong></span> <span class='ocrx_word' id='word_1_339' title='bbox 1124 4900 1376 4953; x_wconf 83' lang='lat' dir='ltr'><strong>nimirum</strong></span> <span class='ocrx_word' id='word_1_340' title='bbox 1434 4898 1781 4954; x_wconf 86' lang='lat' dir='ltr'><strong>Samaritanis</strong></span> 
     </span>
    </p>
   </div>
   <div class='ocr_carea' id='block_1_51' title="bbox 251 4990 1778 5061">
    <p class='ocr_par' dir='ltr' id='par_1_51' title="bbox 251 4990 1778 5061">
     <span class='ocr_line' id='line_1_51' title="bbox 251 4990 1778 5061; baseline -0.008 -8"><span class='ocrx_word' id='word_1_341' title='bbox 251 4997 627 5061; x_wconf 80' lang='lat' dir='ltr'><strong>infensus&#39;erat,</strong></span> <span class='ocrx_word' id='word_1_342' title='bbox 660 4990 1083 5048; x_wconf 85' lang='lat' dir='ltr'><strong>translationem</strong></span> <span class='ocrx_word' id='word_1_343' title='bbox 1112 5004 1304 5042; x_wconf 90' lang='lat' dir='ltr'><strong>novam</strong></span> <span class='ocrx_word' id='word_1_344' title='bbox 1335 5002 1618 5057; x_wconf 79' lang='lat' dir='ltr'><strong>aggressus</strong></span> <span class='ocrx_word' id='word_1_345' title='bbox 1657 4995 1778 5053; x_wconf 90' lang='lat' dir='ltr'><strong>est,</strong></span> 
     </span>
    </p>
   </div>
   <div class='ocr_carea' id='block_1_52' title="bbox 249 5080 1779 5147">
    <p class='ocr_par' dir='ltr' id='par_1_52' title="bbox 249 5080 1779 5147">
     <span class='ocr_line' id='line_1_52' title="bbox 249 5080 1779 5147; baseline -0.008 -5"><span class='ocrx_word' id='word_1_346' title='bbox 249 5099 300 5142; x_wconf 90' lang='lat' dir='ltr'><strong>ut</strong></span> <span class='ocrx_word' id='word_1_347' title='bbox 345 5087 810 5142; x_wconf 84' lang='lat' dir='ltr'><strong>Samaritanorum</strong></span> <span class='ocrx_word' id='word_1_348' title='bbox 868 5080 1333 5147; x_wconf 84' lang='lat' dir='ltr'><strong>interpretationes</strong></span> <span class='ocrx_word' id='word_1_349' title='bbox 1388 5086 1668 5131; x_wconf 86' lang='lat' dir='ltr'><strong>everteret.</strong></span> <span class='ocrx_word' id='word_1_350' title='bbox 1722 5080 1779 5131; x_wconf 92' lang='lat' dir='ltr'><strong>ln</strong></span> 
     </span>
    </p>
   </div>
   <div class='ocr_carea' id='block_1_53' title="bbox 244 5166 1783 5246">
    <p class='ocr_par' dir='ltr' id='par_1_53' title="bbox 244 5166 1783 5246">
     <span class='ocr_line' id='line_1_53' title="bbox 244 5166 1783 5246; baseline -0.006 -17"><span class='ocrx_word' id='word_1_351' title='bbox 244 5174 458 5246; x_wconf 79' lang='lat' dir='ltr'><strong>Epitome</strong></span> <span class='ocrx_word' id='word_1_352' title='bbox 501 5171 805 5244; x_wconf 84' lang='lat' dir='ltr'><strong>Epiphanii</strong></span> <span class='ocrx_word' id='word_1_353' title='bbox 866 5168 941 5220; x_wconf 82' lang='lat' dir='ltr'><strong>De</strong></span> <span class='ocrx_word' id='word_1_354' title='bbox 987 5167 1290 5235; x_wconf 80' lang='lat' dir='ltr'><strong>ponderibus</strong></span> <span class='ocrx_word' id='word_1_355' title='bbox 1325 5182 1445 5219; x_wconf 74' lang='lat' dir='ltr'><strong>mox</strong></span> <span class='ocrx_word' id='word_1_356' title='bbox 1483 5166 1682 5220; x_wconf 85' lang='lat' dir='ltr'><strong>edenda</strong></span> <span class='ocrx_word' id='word_1_357' title='bbox 1707 5167 1783 5219; x_wconf 85' lang='lat' dir='ltr'><strong>le-</strong></span> 
     </span>
    </p>
   </div>
   <div class='ocr_carea' id='block_1_54' title="bbox 240 5256 1780 5337">
    <p class='ocr_par' dir='ltr' id='par_1_54' title="bbox 240 5256 1780 5337">
     <span class='ocr_line' id='line_1_54' title="bbox 240 5256 1780 5337; baseline -0.006 -19"><span class='ocrx_word' id='word_1_358' title='bbox 240 5269 380 5337; x_wconf 77' lang='lat' dir='ltr'><strong>gitur,</strong></span> <span class='ocrx_word' id='word_1_359' title='bbox 402 5268 479 5331; x_wconf 76' lang='grc' dir='ltr'><strong>εις</strong></span> <span class='ocrx_word' id='word_1_360' title='bbox 513 5259 866 5333; x_wconf 75' lang='grc' dir='ltr'><strong>διαστροφὴν</strong></span> <span class='ocrx_word' id='word_1_361' title='bbox 898 5256 1009 5309; x_wconf 77' lang='grc' dir='ltr'><strong>τῶν</strong></span> <span class='ocrx_word' id='word_1_362' title='bbox 1039 5256 1183 5327; x_wconf 77' lang='grc' dir='ltr'><strong>παρὰ</strong></span> <span class='ocrx_word' id='word_1_363' title='bbox 1217 5257 1574 5328; x_wconf 77' lang='grc' dir='ltr'><strong>Σαμαρείταις</strong></span> <span class='ocrx_word' id='word_1_364' title='bbox 1608 5259 1780 5327; x_wconf 72' lang='grc' dir='ltr'><strong>ὲρμη⁸</strong></span> 
     </span>
    </p>
   </div>
   <div class='ocr_carea' id='block_1_55' title="bbox 235 5346 1780 5421">
    <p class='ocr_par' dir='ltr' id='par_1_55' title="bbox 235 5346 1780 5421">
     <span class='ocr_line' id='line_1_55' title="bbox 235 5346 1780 5421; baseline -0.008 -10"><span class='ocrx_word' id='word_1_365' title='bbox 235 5358 429 5421; x_wconf 65' lang='grc' dir='ltr'><strong>γενεῶν,</strong></span> <span class='ocrx_word' id='word_1_366' title='bbox 457 5359 525 5410; x_wconf 88' lang='lat' dir='ltr'><strong>ad</strong></span> <span class='ocrx_word' id='word_1_367' title='bbox 554 5354 898 5409; x_wconf 72' lang='lat' dir='ltr'><strong>eversionem</strong></span> <span class='ocrx_word' id='word_1_368' title='bbox 924 5349 1252 5413; x_wconf 84' lang='lat' dir='ltr'><strong>interpretum</strong></span> <span class='ocrx_word' id='word_1_369' title='bbox 1285 5346 1735 5400; x_wconf 83' lang='lat' dir='ltr'><strong>Samaritanorum</strong></span> <span class='ocrx_word' id='word_1_370' title='bbox 1761 5361 1780 5399; x_wconf 91' lang='lat'><strong><em>:</em></strong></span> 
     </span>
    </p>
   </div>
   <div class='ocr_carea' id='block_1_56' title="bbox 233 5434 1781 5516">
    <p class='ocr_par' dir='ltr' id='par_1_56' title="bbox 233 5434 1781 5516">
     <span class='ocr_line' id='line_1_56' title="bbox 233 5434 1781 5516; baseline -0.004 -22"><span class='ocrx_word' id='word_1_371' title='bbox 233 5449 373 5502; x_wconf 73' lang='lat' dir='ltr'><strong>hasce</strong></span> <span class='ocrx_word' id='word_1_372' title='bbox 424 5462 589 5516; x_wconf 83' lang='lat' dir='ltr'><strong>porro</strong></span> <span class='ocrx_word' id='word_1_373' title='bbox 648 5435 1148 5507; x_wconf 86' lang='lat' dir='ltr'><strong>interpretationes</strong></span> <span class='ocrx_word' id='word_1_374' title='bbox 1200 5435 1411 5490; x_wconf 75' lang='lat' dir='ltr'><strong>Grzecas</strong></span> <span class='ocrx_word' id='word_1_375' title='bbox 1464 5434 1664 5499; x_wconf 78' lang='lat' dir='ltr'><strong>fuisse,</strong></span> <span class='ocrx_word' id='word_1_376' title='bbox 1715 5451 1781 5490; x_wconf 77' lang='lat' dir='ltr'><strong>ex</strong></span> 
     </span>
    </p>
   </div>
   <div class='ocr_carea' id='block_1_57' title="bbox 228 5524 1776 5607">
    <p class='ocr_par' dir='ltr' id='par_1_57' title="bbox 228 5524 1776 5607">
     <span class='ocr_line' id='line_1_57' title="bbox 228 5524 1776 5607; baseline -0.006 -17"><span class='ocrx_word' id='word_1_377' title='bbox 228 5539 531 5607; x_wconf 77' lang='lat' dir='ltr'><strong>oonjecturis</strong></span> <span class='ocrx_word' id='word_1_378' title='bbox 559 5530 888 5588; x_wconf 86' lang='lat' dir='ltr'><strong>admodum</strong></span> <span class='ocrx_word' id='word_1_379' title='bbox 914 5524 1274 5592; x_wconf 88' lang='lat' dir='ltr'><strong>probabilibus</strong></span> <span class='ocrx_word' id='word_1_380' title='bbox 1301 5540 1461 5593; x_wconf 88' lang='lat' dir='ltr'><strong>supra</strong></span> <span class='ocrx_word' id='word_1_381' title='bbox 1477 5525 1776 5580; x_wconf 86' lang='lat' dir='ltr'><strong>statuimus.</strong></span> 
     </span>
    </p>
   </div>
   <div class='ocr_carea' id='block_1_58' title="bbox 227 5612 1778 5698">
    <p class='ocr_par' dir='ltr' id='par_1_58' title="bbox 227 5612 1778 5698">
     <span class='ocr_line' id='line_1_58' title="bbox 227 5612 1778 5698; baseline -0.009 -16"><span class='ocrx_word' id='word_1_382' title='bbox 227 5612 342 5683; x_wconf 67' lang='grc' dir='ltr'><strong>θυαε</strong></span> <span class='ocrx_word' id='word_1_383' title='bbox 368 5621 786 5698; x_wconf 80' lang='lat' dir='ltr'><strong>Symmachum</strong></span> <span class='ocrx_word' id='word_1_384' title='bbox 814 5613 1088 5669; x_wconf 86' lang='lat' dir='ltr'><strong>editiones</strong></span> <span class='ocrx_word' id='word_1_385' title='bbox 1120 5615 1363 5670; x_wconf 89' lang='lat' dir='ltr'><strong>emisisse</strong></span> <span class='ocrx_word' id='word_1_386' title='bbox 1391 5622 1591 5667; x_wconf 82' lang='lat' dir='ltr'><strong>eertum</strong></span> <span class='ocrx_word' id='word_1_387' title='bbox 1633 5616 1778 5668; x_wconf 52' lang='lat' dir='ltr'><strong>vide-</strong></span> 
     </span>
    </p>
   </div>
   <div class='ocr_carea' id='block_1_59' title="bbox 219 5698 1775 5788">
    <p class='ocr_par' dir='ltr' id='par_1_59' title="bbox 219 5698 1775 5788">
     <span class='ocr_line' id='line_1_59' title="bbox 219 5698 1775 5788; baseline 0.002 -33"><span class='ocrx_word' id='word_1_388' title='bbox 219 5709 319 5788; x_wconf 54' lang='lat' dir='ltr'><strong>tur;</strong></span> <span class='ocrx_word' id='word_1_389' title='bbox 349 5733 445 5772; x_wconf 77' lang='lat' dir='ltr'><strong>nec</strong></span> <span class='ocrx_word' id='word_1_390' title='bbox 481 5715 700 5769; x_wconf 86' lang='lat' dir='ltr'><strong>mirum</strong></span> <span class='ocrx_word' id='word_1_391' title='bbox 758 5711 859 5759; x_wconf 85' lang='lat' dir='ltr'><strong>est</strong></span> <span class='ocrx_word' id='word_1_392' title='bbox 908 5698 1249 5767; x_wconf 79' lang='lat' dir='ltr'><strong>Epiphaniam</strong></span> <span class='ocrx_word' id='word_1_393' title='bbox 1309 5702 1361 5757; x_wconf 88' lang='lat' dir='ltr'><strong>id</strong></span> <span class='ocrx_word' id='word_1_394' title='bbox 1414 5703 1730 5771; x_wconf 64' lang='lat' dir='ltr'><strong>praeteriisse</strong></span> <span class='ocrx_word' id='word_1_395' title='bbox 1760 5742 1775 5767; x_wconf 89' lang='lat'><strong>,</strong></span> 
     </span>
    </p>
   </div>
   <div class='ocr_carea' id='block_1_60' title="bbox 1442 397 2232 456">
    <p class='ocr_par' dir='ltr' id='par_1_60' title="bbox 1442 397 2232 456">
     <span class='ocr_line' id='line_1_60' title="bbox 1442 397 2232 456; baseline -0.004 -1"><span class='ocrx_word' id='word_1_396' title='bbox 1442 399 1510 455; x_wconf 82' lang='grc' dir='ltr'><strong>ΙΝ</strong></span> <span class='ocrx_word' id='word_1_397' title='bbox 1548 397 1861 456; x_wconf 74' lang='lat' dir='ltr'><strong>HEXAPLA</strong></span> <span class='ocrx_word' id='word_1_398' title='bbox 1898 397 2232 455; x_wconf 76' lang='lat' dir='ltr'><strong>ORIGENIS.</strong></span> 
     </span>
    </p>
   </div>
   <div class='ocr_carea' id='block_1_61' title="bbox 3352 405 3419 458">
    <p class='ocr_par' dir='ltr' id='par_1_61' title="bbox 3352 405 3419 458">
     <span class='ocr_line' id='line_1_61' title="bbox 3352 405 3419 458; baseline 0 -2"><span class='ocrx_word' id='word_1_399' title='bbox 3352 405 3419 458; x_wconf 68' lang='lat'><strong>90</strong></span> 
     </span>
    </p>
   </div>
   <div class='ocr_carea' id='block_1_62' title="bbox 1819 511 3421 587">
    <p class='ocr_par' dir='ltr' id='par_1_62' title="bbox 1819 511 3421 587">
     <span class='ocr_line' id='line_1_62' title="bbox 1819 511 3421 587; baseline 0.005 -20"><span class='ocrx_word' id='word_1_400' title='bbox 1819 520 1865 577; x_wconf 74' lang='grc' dir='ltr'>Α</span> <span class='ocrx_word' id='word_1_401' title='bbox 1892 512 2318 585; x_wconf 85' lang='lat' dir='ltr'><strong>quandoquidem</strong></span> <span class='ocrx_word' id='word_1_402' title='bbox 2352 529 2450 568; x_wconf 83' lang='lat' dir='ltr'><strong>nec</strong></span> <span class='ocrx_word' id='word_1_403' title='bbox 2474 516 2538 570; x_wconf 88' lang='lat' dir='ltr'><strong>de</strong></span> <span class='ocrx_word' id='word_1_404' title='bbox 2558 514 2756 584; x_wconf 88' lang='lat' dir='ltr'><strong>duplici</strong></span> <span class='ocrx_word' id='word_1_405' title='bbox 2790 511 2995 585; x_wconf 77' lang='lat' dir='ltr'><strong>Aquilae</strong></span> <span class='ocrx_word' id='word_1_406' title='bbox 3027 515 3280 582; x_wconf 86' lang='lat' dir='ltr'><strong>editione,</strong></span> <span class='ocrx_word' id='word_1_407' title='bbox 3303 532 3421 587; x_wconf 72' lang='lat' dir='ltr'><strong>quae</strong></span> 
     </span>
    </p>
   </div>
   <div class='ocr_carea' id='block_1_63' title="bbox 1886 605 3419 673">
    <p class='ocr_par' dir='ltr' id='par_1_63' title="bbox 1886 605 3419 673">
     <span class='ocr_line' id='line_1_63' title="bbox 1886 605 3419 673; baseline 0.002 -15"><span class='ocrx_word' id='word_1_408' title='bbox 1886 605 2128 673; x_wconf 89' lang='lat' dir='ltr'><strong>pluribus</strong></span> <span class='ocrx_word' id='word_1_409' title='bbox 2151 605 2469 660; x_wconf 90' lang='lat' dir='ltr'><strong>testimoniis</strong></span> <span class='ocrx_word' id='word_1_410' title='bbox 2495 607 2773 665; x_wconf 87' lang='lat' dir='ltr'><strong>asseritur,</strong></span> <span class='ocrx_word' id='word_1_411' title='bbox 2806 608 3021 660; x_wconf 78' lang='lat' dir='ltr'><strong>verbum</strong></span> <span class='ocrx_word' id='word_1_412' title='bbox 3050 605 3196 660; x_wconf 81' lang='lat' dir='ltr'><strong>iecit.</strong></span> <span class='ocrx_word' id='word_1_413' title='bbox 3230 605 3419 661; x_wconf 83' lang='lat' dir='ltr'><strong>Hiero-</strong></span> 
     </span>
    </p>
   </div>
   <div class='ocr_carea' id='block_1_64' title="bbox 1888 694 3421 764">
    <p class='ocr_par' dir='ltr' id='par_1_64' title="bbox 1888 694 3421 764">
     <span class='ocr_line' id='line_1_64' title="bbox 1888 694 3421 764; baseline 0.003 -18"><span class='ocrx_word' id='word_1_414' title='bbox 1888 709 2082 762; x_wconf 85' lang='lat' dir='ltr'><strong>nymus</strong></span> <span class='ocrx_word' id='word_1_415' title='bbox 2115 710 2240 748; x_wconf 89' lang='lat' dir='ltr'><strong>vero</strong></span> <span class='ocrx_word' id='word_1_416' title='bbox 2271 696 2405 750; x_wconf 91' lang='lat' dir='ltr'><strong>duas</strong></span> <span class='ocrx_word' id='word_1_417' title='bbox 2434 695 2592 749; x_wconf 85' lang='lat' dir='ltr'><strong>etiam</strong></span> <span class='ocrx_word' id='word_1_418' title='bbox 2640 694 3015 764; x_wconf 83' lang='lat' dir='ltr'><strong>Symmachum</strong></span> <span class='ocrx_word' id='word_1_419' title='bbox 3046 696 3292 751; x_wconf 84' lang='lat' dir='ltr'><strong>emisisse</strong></span> <span class='ocrx_word' id='word_1_420' title='bbox 3340 707 3421 751; x_wconf 84' lang='lat' dir='ltr'><strong>te-</strong></span> 
     </span>
    </p>
   </div>
   <div class='ocr_carea' id='block_1_65' title="bbox 1888 781 3419 850">
    <p class='ocr_par' dir='ltr' id='par_1_65' title="bbox 1888 781 3419 850">
     <span class='ocr_line' id='line_1_65' title="bbox 1888 781 3419 850; baseline 0.001 -14"><span class='ocrx_word' id='word_1_421' title='bbox 1888 783 2146 836; x_wconf 81' lang='lat' dir='ltr'><strong>stiﬁcatur</strong></span> <span class='ocrx_word' id='word_1_422' title='bbox 2183 783 2467 837; x_wconf 77' lang='lat' dir='ltr'><strong>Comment.</strong></span> <span class='ocrx_word' id='word_1_423' title='bbox 2520 784 2576 835; x_wconf 88' lang='lat' dir='ltr'><strong>in</strong></span> <span class='ocrx_word' id='word_1_424' title='bbox 2618 781 2859 846; x_wconf 83' lang='lat' dir='ltr'><strong>Nahum,</strong></span> <span class='ocrx_word' id='word_1_425' title='bbox 2907 799 3023 850; x_wconf 87' lang='lat' dir='ltr'><strong>cap.</strong></span> <span class='ocrx_word' id='word_1_426' title='bbox 3062 798 3158 846; x_wconf 85' lang='grc' dir='ltr'>ιιι,</span> <span class='ocrx_word' id='word_1_427' title='bbox 3206 784 3273 846; x_wconf 83' lang='grc'><strong>1,</strong></span> <span class='ocrx_word' id='word_1_428' title='bbox 3329 785 3419 840; x_wconf 90' lang='lat' dir='ltr'><strong>ubi</strong></span> 
     </span>
    </p>
   </div>
   <div class='ocr_carea' id='block_1_66' title="bbox 1889 872 3420 942">
    <p class='ocr_par' dir='ltr' id='par_1_66' title="bbox 1889 872 3420 942">
     <span class='ocr_line' id='line_1_66' title="bbox 1889 872 3420 942; baseline 0 -15"><span class='ocrx_word' id='word_1_429' title='bbox 1889 875 1962 927; x_wconf 87' lang='lat' dir='ltr'><strong>ait</strong></span> <span class='ocrx_word' id='word_1_430' title='bbox 1994 892 2007 927; x_wconf 89' lang='lat'><strong>:</strong></span> <span class='ocrx_word' id='word_1_431' title='bbox 2036 873 2101 926; x_wconf 83' lang='lat' dir='ltr'><strong>In</strong></span> <span class='ocrx_word' id='word_1_432' title='bbox 2138 872 2353 927; x_wconf 74' lang='lat' dir='ltr'><strong>Hebrwo</strong></span> <span class='ocrx_word' id='word_1_433' title='bbox 2377 872 2613 935; x_wconf 86' lang='lat' dir='ltr'><strong>habetur,</strong></span> <span class='ocrx_word' id='word_1_434' title='bbox 2653 887 2848 925; x_wconf 74' lang='lat' dir='ltr'><strong>ruenec</strong></span> <span class='ocrx_word' id='word_1_435' title='bbox 2880 887 3072 938; x_wconf 73' lang='lat' dir='ltr'><strong>IALEA,</strong></span> <span class='ocrx_word' id='word_1_436' title='bbox 3099 875 3234 942; x_wconf 83' lang='lat' dir='ltr'><strong>quod</strong></span> <span class='ocrx_word' id='word_1_437' title='bbox 3261 877 3420 929; x_wconf 85' lang='lat' dir='ltr'><strong>inter—</strong></span> 
     </span>
    </p>
   </div>
   <div class='ocr_carea' id='block_1_67' title="bbox 1888 960 3417 1033">
    <p class='ocr_par' dir='ltr' id='par_1_67' title="bbox 1888 960 3417 1033">
     <span class='ocr_line' id='line_1_67' title="bbox 1888 960 3417 1033; baseline 0.002 -19"><span class='ocrx_word' id='word_1_438' title='bbox 1888 971 2119 1029; x_wconf 84' lang='lat' dir='ltr'><strong>pretatus</strong></span> <span class='ocrx_word' id='word_1_439' title='bbox 2147 973 2221 1016; x_wconf 80' lang='lat' dir='ltr'><strong>est</strong></span> <span class='ocrx_word' id='word_1_440' title='bbox 2251 961 2460 1031; x_wconf 84' lang='lat' dir='ltr'><strong>Aquila,</strong></span> <span class='ocrx_word' id='word_1_441' title='bbox 2491 960 2872 1031; x_wconf 80' lang='grc' dir='ltr'><strong>ἐξαυχενισμοῦ</strong></span> <span class='ocrx_word' id='word_1_442' title='bbox 2902 962 3109 1033; x_wconf 78' lang='grc' dir='ltr'><strong>πλήρης</strong></span> <span class='ocrx_word' id='word_1_443' title='bbox 3132 1003 3147 1026; x_wconf 87' lang='grc'><strong><em>,</em></strong></span> <span class='ocrx_word' id='word_1_444' title='bbox 3196 964 3251 1016; x_wconf 88' lang='lat' dir='ltr'><strong>id</strong></span> <span class='ocrx_word' id='word_1_445' title='bbox 3306 975 3380 1017; x_wconf 85' lang='lat' dir='ltr'><strong>est</strong></span> <span class='ocrx_word' id='word_1_446' title='bbox 3400 1002 3417 1028; x_wconf 90' lang='lat'><strong>,</strong></span> 
     </span>
    </p>
   </div>
   <div class='ocr_carea' id='block_1_68' title="bbox 1889 1050 3420 1123">
    <p class='ocr_par' dir='ltr' id='par_1_68' title="bbox 1889 1050 3420 1123">
     <span class='ocr_line' id='line_1_68' title="bbox 1889 1050 3420 1123; baseline -0.001 -16"><span class='ocrx_word' id='word_1_447' title='bbox 1889 1054 2310 1107; x_wconf 76' lang='lat' dir='ltr'><strong>excervicatione</strong></span> <span class='ocrx_word' id='word_1_448' title='bbox 2333 1054 2512 1122; x_wconf 85' lang='lat' dir='ltr'><strong>plena;</strong></span> <span class='ocrx_word' id='word_1_449' title='bbox 2539 1050 2874 1120; x_wconf 82' lang='lat' dir='ltr'><strong>Symmachus</strong></span> <span class='ocrx_word' id='word_1_450' title='bbox 2904 1064 3097 1115; x_wconf 88' lang='lat' dir='ltr'><strong>autem,</strong></span> <span class='ocrx_word' id='word_1_451' title='bbox 3126 1053 3420 1123; x_wconf 80' lang='grc' dir='ltr'><strong>ἀποτομίας</strong></span> 
     </span>
    </p>
   </div>
   <div class='ocr_carea' id='block_1_69' title="bbox 1892 1141 3418 1214">
    <p class='ocr_par' dir='ltr' id='par_1_69' title="bbox 1892 1141 3418 1214">
     <span class='ocr_line' id='line_1_69' title="bbox 1892 1141 3418 1214; baseline 0 -18"><span class='ocrx_word' id='word_1_452' title='bbox 1892 1142 2121 1214; x_wconf 77' lang='grc' dir='ltr'><strong>πλήρης,</strong></span> <span class='ocrx_word' id='word_1_453' title='bbox 2155 1143 2289 1212; x_wconf 83' lang='lat' dir='ltr'><strong>quod</strong></span> <span class='ocrx_word' id='word_1_454' title='bbox 2310 1158 2579 1211; x_wconf 84' lang='lat' dir='ltr'><strong>possumus</strong></span> <span class='ocrx_word' id='word_1_455' title='bbox 2603 1142 2792 1205; x_wconf 86' lang='lat' dir='ltr'><strong>dicere,</strong></span> <span class='ocrx_word' id='word_1_456' title='bbox 2822 1141 3132 1195; x_wconf 89' lang='lat' dir='ltr'><strong>credulitate</strong></span> <span class='ocrx_word' id='word_1_457' title='bbox 3166 1143 3240 1195; x_wconf 76' lang='lat' dir='ltr'><strong>vel</strong></span> <span class='ocrx_word' id='word_1_458' title='bbox 3264 1159 3418 1197; x_wconf 86' lang='lat' dir='ltr'><strong>seve-</strong></span> 
     </span>
    </p>
   </div>
   <div class='ocr_carea' id='block_1_70' title="bbox 1892 1230 3420 1299">
    <p class='ocr_par' dir='ltr' id='par_1_70' title="bbox 1892 1230 3420 1299">
     <span class='ocr_line' id='line_1_70' title="bbox 1892 1230 3420 1299; baseline -0.002 -13"><span class='ocrx_word' id='word_1_459' title='bbox 1892 1233 2048 1286; x_wconf 86' lang='lat' dir='ltr'><strong>ritate</strong></span> <span class='ocrx_word' id='word_1_460' title='bbox 2069 1232 2242 1299; x_wconf 88' lang='lat' dir='ltr'><strong>plena.</strong></span> <span class='ocrx_word' id='word_1_461' title='bbox 2269 1230 2333 1284; x_wconf 85' lang='lat' dir='ltr'><strong>In</strong></span> <span class='ocrx_word' id='word_1_462' title='bbox 2350 1231 2514 1283; x_wconf 87' lang='lat' dir='ltr'><strong>altera</strong></span> <span class='ocrx_word' id='word_1_463' title='bbox 2530 1230 2639 1298; x_wconf 83' lang='lat' dir='ltr'><strong>ejus</strong></span> <span class='ocrx_word' id='word_1_464' title='bbox 2659 1230 2879 1281; x_wconf 87' lang='lat' dir='ltr'><strong>editione</strong></span> <span class='ocrx_word' id='word_1_465' title='bbox 2895 1230 3081 1297; x_wconf 85' lang='lat' dir='ltr'><strong>reperi,</strong></span> <span class='ocrx_word' id='word_1_466' title='bbox 3101 1230 3420 1297; x_wconf 77' lang='grc' dir='ltr'><strong>μελοκοπίας</strong></span> 
     </span>
    </p>
   </div>
   <div class='ocr_carea' id='block_1_71' title="bbox 1892 1317 3420 1391">
    <p class='ocr_par' dir='ltr' id='par_1_71' title="bbox 1892 1317 3420 1391">
     <span class='ocr_line' id='line_1_71' title="bbox 1892 1317 3420 1391; baseline -0.001 -19"><span class='ocrx_word' id='word_1_467' title='bbox 1892 1320 2120 1391; x_wconf 82' lang='grc' dir='ltr'><strong>πλήρης,</strong></span> <span class='ocrx_word' id='word_1_468' title='bbox 2147 1321 2201 1372; x_wconf 82' lang='lat' dir='ltr'><strong>id</strong></span> <span class='ocrx_word' id='word_1_469' title='bbox 2222 1329 2317 1383; x_wconf 85' lang='lat' dir='ltr'><strong>est,</strong></span> <span class='ocrx_word' id='word_1_470' title='bbox 2349 1319 2674 1372; x_wconf 83' lang='lat' dir='ltr'><strong>sectionibus</strong></span> <span class='ocrx_word' id='word_1_471' title='bbox 2699 1317 2938 1377; x_wconf 78' lang='lat' dir='ltr'><strong>carnium</strong></span> <span class='ocrx_word' id='word_1_472' title='bbox 2966 1356 2980 1379; x_wconf 85' lang='lat'><strong>,</strong></span> <span class='ocrx_word' id='word_1_473' title='bbox 3035 1329 3088 1373; x_wconf 89' lang='lat' dir='ltr'><strong>et</strong></span> <span class='ocrx_word' id='word_1_474' title='bbox 3116 1318 3298 1372; x_wconf 79' lang='lat' dir='ltr'><strong>frustis</strong></span> <span class='ocrx_word' id='word_1_475' title='bbox 3328 1336 3420 1388; x_wconf 90' lang='lat' dir='ltr'><strong>per</strong></span> 
     </span>
    </p>
   </div>
   <div class='ocr_carea' id='block_1_72' title="bbox 1892 1400 3421 1479">
    <p class='ocr_par' dir='ltr' id='par_1_72' title="bbox 1892 1400 3421 1479">
     <span class='ocr_line' id='line_1_72' title="bbox 1892 1400 3421 1479; baseline 0.001 -15"><span class='ocrx_word' id='word_1_476' title='bbox 1892 1400 2145 1465; x_wconf 76' lang='lat' dir='ltr'><strong>membra</strong></span> <span class='ocrx_word' id='word_1_477' title='bbox 2169 1410 2399 1465; x_wconf 89' lang='lat' dir='ltr'><strong>concisis</strong></span> <span class='ocrx_word' id='word_1_478' title='bbox 2432 1410 2602 1478; x_wconf 88' lang='lat' dir='ltr'><strong>plena.</strong></span> <span class='ocrx_word' id='word_1_479' title='bbox 2647 1408 2773 1462; x_wconf 69' lang='lat' dir='ltr'><strong>Dum</strong></span> <span class='ocrx_word' id='word_1_480' title='bbox 2800 1410 2957 1462; x_wconf 84' lang='lat' dir='ltr'><strong>etiam</strong></span> <span class='ocrx_word' id='word_1_481' title='bbox 2991 1425 3172 1479; x_wconf 59' lang='lat' dir='ltr'><strong>eosque</strong></span> <span class='ocrx_word' id='word_1_482' title='bbox 3199 1410 3421 1465; x_wconf 61' lang='lat' dir='ltr'><strong>diversa:</strong></span> 
     </span>
    </p>
   </div>
   <div class='ocr_carea' id='block_1_73' title="bbox 1895 1496 3421 1570">
    <p class='ocr_par' dir='ltr' id='par_1_73' title="bbox 1895 1496 3421 1570">
     <span class='ocr_line' id='line_1_73' title="bbox 1895 1496 3421 1570; baseline -0.001 -17"><span class='ocrx_word' id='word_1_483' title='bbox 1895 1498 2195 1570; x_wconf 80' lang='lat' dir='ltr'><strong>Symmachi</strong></span> <span class='ocrx_word' id='word_1_484' title='bbox 2226 1500 2480 1552; x_wconf 87' lang='lat' dir='ltr'><strong>lectiones</strong></span> <span class='ocrx_word' id='word_1_485' title='bbox 2515 1499 2807 1552; x_wconf 81' lang='lat' dir='ltr'><strong>aﬂ&#39;eruntur</strong></span> <span class='ocrx_word' id='word_1_486' title='bbox 2830 1498 2984 1552; x_wconf 77' lang='lat' dir='ltr'><strong>liesai</strong></span> <span class='ocrx_word' id='word_1_487' title='bbox 3009 1514 3170 1563; x_wconf 81' lang='lat' dir='ltr'><strong>xu&#39;n,</strong></span> <span class='ocrx_word' id='word_1_488' title='bbox 3196 1499 3261 1563; x_wconf 65' lang='grc' dir='ltr'><strong>ἒς</strong></span> <span class='ocrx_word' id='word_1_489' title='bbox 3287 1496 3421 1554; x_wconf 82' lang='lat' dir='ltr'><strong>Osee</strong></span> 
     </span>
    </p>
   </div>
   <div class='ocr_carea' id='block_1_74' title="bbox 1893 1586 3418 1655">
    <p class='ocr_par' dir='ltr' id='par_1_74' title="bbox 1893 1586 3418 1655">
     <span class='ocr_line' id='line_1_74' title="bbox 1893 1586 3418 1655; baseline -0.001 -15"><span class='ocrx_word' id='word_1_490' title='bbox 1893 1605 1989 1650; x_wconf 80' lang='grc' dir='ltr'>χιι,</span> <span class='ocrx_word' id='word_1_491' title='bbox 2017 1589 2074 1640; x_wconf 93' lang='grc'><strong>11</strong></span> <span class='ocrx_word' id='word_1_492' title='bbox 2100 1606 2114 1653; x_wconf 86' lang='lat'><strong>;</strong></span> <span class='ocrx_word' id='word_1_493' title='bbox 2140 1587 2277 1642; x_wconf 86' lang='lat' dir='ltr'><strong>Psal.</strong></span> <span class='ocrx_word' id='word_1_494' title='bbox 2304 1602 2423 1653; x_wconf 76' lang='lat' dir='ltr'><strong>cux,</strong></span> <span class='ocrx_word' id='word_1_495' title='bbox 2454 1590 2504 1641; x_wconf 94' lang='grc'><strong>1.</strong></span> <span class='ocrx_word' id='word_1_496' title='bbox 2538 1586 2602 1640; x_wconf 86' lang='lat' dir='ltr'><strong>Et</strong></span> <span class='ocrx_word' id='word_1_497' title='bbox 2627 1588 2677 1639; x_wconf 91' lang='lat' dir='ltr'><strong>in</strong></span> <span class='ocrx_word' id='word_1_498' title='bbox 2702 1587 2999 1655; x_wconf 87' lang='lat' dir='ltr'><strong>Appendice</strong></span> <span class='ocrx_word' id='word_1_499' title='bbox 3033 1586 3200 1640; x_wconf 81' lang='lat' dir='ltr'><strong>Exod.</strong></span> <span class='ocrx_word' id='word_1_500' title='bbox 3232 1602 3418 1650; x_wconf 79' lang='lat' dir='ltr'><strong>xxvm,</strong></span> 
     </span>
    </p>
   </div>
   <div class='ocr_carea' id='block_1_75' title="bbox 1894 1677 3418 1746">
    <p class='ocr_par' dir='ltr' id='par_1_75' title="bbox 1894 1677 3418 1746">
     <span class='ocr_line' id='line_1_75' title="bbox 1894 1677 3418 1746; baseline 0 -15"><span class='ocrx_word' id='word_1_501' title='bbox 1894 1679 1978 1732; x_wconf 72' lang='grc'><strong>14.</strong></span> <span class='ocrx_word' id='word_1_502' title='bbox 2008 1678 2062 1731; x_wconf 92' lang='lat' dir='ltr'><strong>ln</strong></span> <span class='ocrx_word' id='word_1_503' title='bbox 2091 1680 2241 1732; x_wconf 86' lang='lat' dir='ltr'><strong>libris</strong></span> <span class='ocrx_word' id='word_1_504' title='bbox 2270 1680 2394 1732; x_wconf 90' lang='lat' dir='ltr'><strong>item</strong></span> <span class='ocrx_word' id='word_1_505' title='bbox 2430 1678 2448 1730; x_wconf 94' lang='grc'><strong>1</strong></span> <span class='ocrx_word' id='word_1_506' title='bbox 2477 1690 2529 1732; x_wconf 91' lang='lat' dir='ltr'><strong>et</strong></span> <span class='ocrx_word' id='word_1_507' title='bbox 2568 1677 2610 1730; x_wconf 88' lang='lat' dir='ltr'><strong>ll</strong></span> <span class='ocrx_word' id='word_1_508' title='bbox 2638 1677 2839 1745; x_wconf 75' lang='lat' dir='ltr'><strong>Regum</strong></span> <span class='ocrx_word' id='word_1_509' title='bbox 2871 1678 3010 1732; x_wconf 67' lang='lat' dir='ltr'><strong>binae</strong></span> <span class='ocrx_word' id='word_1_510' title='bbox 3037 1692 3418 1746; x_wconf 66' lang='lat' dir='ltr'><strong>nonnunquam</strong></span> 
     </span>
    </p>
   </div>
   <div class='ocr_carea' id='block_1_76' title="bbox 1896 1767 3417 1840">
    <p class='ocr_par' dir='ltr' id='par_1_76' title="bbox 1896 1767 3417 1840">
     <span class='ocr_line' id='line_1_76' title="bbox 1896 1767 3417 1840; baseline -0.002 -17"><span class='ocrx_word' id='word_1_511' title='bbox 1896 1768 2196 1840; x_wconf 83' lang='lat' dir='ltr'><strong>Symmachi</strong></span> <span class='ocrx_word' id='word_1_512' title='bbox 2226 1769 2685 1838; x_wconf 89' lang='lat' dir='ltr'><strong>interpretationes</strong></span> <span class='ocrx_word' id='word_1_513' title='bbox 2707 1768 3020 1823; x_wconf 79' lang='lat' dir='ltr'><strong>all’erunlur.</strong></span> <span class='ocrx_word' id='word_1_514' title='bbox 3057 1767 3187 1822; x_wconf 81' lang='lat' dir='ltr'><strong>Vide</strong></span> <span class='ocrx_word' id='word_1_515' title='bbox 3212 1768 3373 1822; x_wconf 83' lang='lat' dir='ltr'><strong>etiam</strong></span> <span class='ocrx_word' id='word_1_516' title='bbox 3400 1804 3417 1833; x_wconf 88' lang='lat'><strong>,</strong></span> 
     </span>
    </p>
   </div>
   <div class='ocr_carea' id='block_1_77' title="bbox 1819 1832 3414 1924">
    <p class='ocr_par' dir='ltr' id='par_1_77' title="bbox 1819 1832 3414 1924">
     <span class='ocr_line' id='line_1_77' title="bbox 1819 1832 3414 1924; baseline 0 -10"><span class='ocrx_word' id='word_1_517' title='bbox 1819 1832 1861 1884; x_wconf 72' lang='grc' dir='ltr'><strong>Β</strong></span> <span class='ocrx_word' id='word_1_518' title='bbox 1888 1832 2060 1922; x_wconf 76' lang='lat' dir='ltr'><strong>sodes,</strong></span> <span class='ocrx_word' id='word_1_519' title='bbox 2082 1858 2324 1913; x_wconf 64' lang='lat' dir='ltr'><strong>Jeremiaz</strong></span> <span class='ocrx_word' id='word_1_520' title='bbox 2348 1875 2436 1924; x_wconf 78' lang='lat' dir='ltr'><strong>xx,</strong></span> <span class='ocrx_word' id='word_1_521' title='bbox 2466 1860 2518 1923; x_wconf 78' lang='lat'><strong>3,</strong></span> <span class='ocrx_word' id='word_1_522' title='bbox 2539 1868 2591 1912; x_wconf 88' lang='lat' dir='ltr'><strong>et</strong></span> <span class='ocrx_word' id='word_1_523' title='bbox 2611 1857 2719 1912; x_wconf 81' lang='lat' dir='ltr'><strong>Jer.</strong></span> <span class='ocrx_word' id='word_1_524' title='bbox 2748 1876 2873 1923; x_wconf 81' lang='lat' dir='ltr'><strong>xxx,</strong></span> <span class='ocrx_word' id='word_1_525' title='bbox 2908 1860 2999 1923; x_wconf 73' lang='lat'><strong>52,</strong></span> <span class='ocrx_word' id='word_1_526' title='bbox 3045 1862 3097 1912; x_wconf 90' lang='lat' dir='ltr'><strong>in</strong></span> <span class='ocrx_word' id='word_1_527' title='bbox 3127 1870 3271 1914; x_wconf 74' lang='lat' dir='ltr'><strong>nota.</strong></span> <span class='ocrx_word' id='word_1_528' title='bbox 3309 1859 3414 1914; x_wconf 86' lang='lat' dir='ltr'><strong>Sed</strong></span> 
     </span>
    </p>
   </div>
   <div class='ocr_carea' id='block_1_78' title="bbox 1887 1947 3423 2016">
    <p class='ocr_par' dir='ltr' id='par_1_78' title="bbox 1887 1947 3423 2016">
     <span class='ocr_line' id='line_1_78' title="bbox 1887 1947 3423 2016; baseline 0.003 -18"><span class='ocrx_word' id='word_1_529' title='bbox 1887 1947 2010 2015; x_wconf 91' lang='lat' dir='ltr'><strong>quia</strong></span> <span class='ocrx_word' id='word_1_530' title='bbox 2041 1947 2303 2015; x_wconf 86' lang='lat' dir='ltr'><strong>ejusmodi</strong></span> <span class='ocrx_word' id='word_1_531' title='bbox 2328 1949 2566 2015; x_wconf 83' lang='lat' dir='ltr'><strong>exempla</strong></span> <span class='ocrx_word' id='word_1_532' title='bbox 2590 1964 2694 2001; x_wconf 90' lang='lat' dir='ltr'><strong>non</strong></span> <span class='ocrx_word' id='word_1_533' title='bbox 2719 1948 2791 2000; x_wconf 89' lang='lat' dir='ltr'><strong>ita</strong></span> <span class='ocrx_word' id='word_1_534' title='bbox 2815 1948 3105 2016; x_wconf 82' lang='lat' dir='ltr'><strong>frequentia</strong></span> <span class='ocrx_word' id='word_1_535' title='bbox 3134 1958 3279 2011; x_wconf 89' lang='lat' dir='ltr'><strong>sunt,</strong></span> <span class='ocrx_word' id='word_1_536' title='bbox 3293 1965 3423 2003; x_wconf 85' lang='lat' dir='ltr'><strong>eon-</strong></span> 
     </span>
    </p>
   </div>
   <div class='ocr_carea' id='block_1_79' title="bbox 1881 2036 3423 2108">
    <p class='ocr_par' dir='ltr' id='par_1_79' title="bbox 1881 2036 3423 2108">
     <span class='ocr_line' id='line_1_79' title="bbox 1881 2036 3423 2108; baseline 0.003 -18"><span class='ocrx_word' id='word_1_537' title='bbox 1881 2036 2117 2106; x_wconf 86' lang='lat' dir='ltr'><strong>jectandi</strong></span> <span class='ocrx_word' id='word_1_538' title='bbox 2156 2038 2307 2092; x_wconf 93' lang='lat' dir='ltr'><strong>locus</strong></span> <span class='ocrx_word' id='word_1_539' title='bbox 2338 2047 2419 2093; x_wconf 90' lang='lat' dir='ltr'><strong>est</strong></span> <span class='ocrx_word' id='word_1_540' title='bbox 2461 2038 2837 2108; x_wconf 82' lang='lat' dir='ltr'><strong>Symmachum</strong></span> <span class='ocrx_word' id='word_1_541' title='bbox 2879 2055 2983 2092; x_wconf 88' lang='lat' dir='ltr'><strong>non</strong></span> <span class='ocrx_word' id='word_1_542' title='bbox 3017 2040 3150 2093; x_wconf 86' lang='lat' dir='ltr'><strong>duas</strong></span> <span class='ocrx_word' id='word_1_543' title='bbox 3199 2042 3423 2096; x_wconf 87' lang='lat' dir='ltr'><strong>omnino</strong></span> 
     </span>
    </p>
   </div>
   <div class='ocr_carea' id='block_1_80' title="bbox 1884 2123 3421 2194">
    <p class='ocr_par' dir='ltr' id='par_1_80' title="bbox 1884 2123 3421 2194">
     <span class='ocr_line' id='line_1_80' title="bbox 1884 2123 3421 2194; baseline 0.003 -19"><span class='ocrx_word' id='word_1_544' title='bbox 1884 2123 2123 2178; x_wconf 68' lang='lat' dir='ltr'><strong>diversas</strong></span> <span class='ocrx_word' id='word_1_545' title='bbox 2147 2125 2407 2179; x_wconf 90' lang='lat' dir='ltr'><strong>editiones</strong></span> <span class='ocrx_word' id='word_1_546' title='bbox 2422 2125 2702 2190; x_wconf 85' lang='lat' dir='ltr'><strong>emisisse;</strong></span> <span class='ocrx_word' id='word_1_547' title='bbox 2733 2127 2824 2179; x_wconf 86' lang='lat' dir='ltr'><strong>sed</strong></span> <span class='ocrx_word' id='word_1_548' title='bbox 2855 2142 3014 2194; x_wconf 87' lang='lat' dir='ltr'><strong>quam</strong></span> <span class='ocrx_word' id='word_1_549' title='bbox 3032 2128 3261 2193; x_wconf 76' lang='lat' dir='ltr'><strong>priorem</strong></span> <span class='ocrx_word' id='word_1_550' title='bbox 3287 2129 3421 2180; x_wconf 84' lang='lat' dir='ltr'><strong>emi-</strong></span> 
     </span>
    </p>
   </div>
   <div class='ocr_carea' id='block_1_81' title="bbox 1888 2213 3421 2281">
    <p class='ocr_par' dir='ltr' id='par_1_81' title="bbox 1888 2213 3421 2281">
     <span class='ocr_line' id='line_1_81' title="bbox 1888 2213 3421 2281; baseline 0.003 -16"><span class='ocrx_word' id='word_1_551' title='bbox 1888 2221 2029 2265; x_wconf 87' lang='lat' dir='ltr'><strong>serat</strong></span> <span class='ocrx_word' id='word_1_552' title='bbox 2064 2213 2264 2280; x_wconf 87' lang='lat' dir='ltr'><strong>aliquot</strong></span> <span class='ocrx_word' id='word_1_553' title='bbox 2294 2213 2345 2265; x_wconf 86' lang='lat' dir='ltr'><strong>in</strong></span> <span class='ocrx_word' id='word_1_554' title='bbox 2368 2213 2496 2266; x_wconf 93' lang='lat' dir='ltr'><strong>locis</strong></span> <span class='ocrx_word' id='word_1_555' title='bbox 2513 2214 2843 2275; x_wconf 85' lang='lat' dir='ltr'><strong>emendasse,</strong></span> <span class='ocrx_word' id='word_1_556' title='bbox 2865 2215 3129 2281; x_wconf 88' lang='lat' dir='ltr'><strong>verbaque</strong></span> <span class='ocrx_word' id='word_1_557' title='bbox 3146 2216 3247 2267; x_wconf 86' lang='lat' dir='ltr'><strong>alia</strong></span> <span class='ocrx_word' id='word_1_558' title='bbox 3278 2216 3421 2269; x_wconf 83' lang='lat' dir='ltr'><strong>iden-</strong></span> 
     </span>
    </p>
   </div>
   <div class='ocr_carea' id='block_1_82' title="bbox 1888 2302 3418 2373">
    <p class='ocr_par' dir='ltr' id='par_1_82' title="bbox 1888 2302 3418 2373">
     <span class='ocr_line' id='line_1_82' title="bbox 1888 2302 3418 2373; baseline 0.003 -19"><span class='ocrx_word' id='word_1_559' title='bbox 1888 2302 2050 2355; x_wconf 88' lang='lat' dir='ltr'><strong>tidem</strong></span> <span class='ocrx_word' id='word_1_560' title='bbox 2084 2302 2421 2356; x_wconf 88' lang='lat' dir='ltr'><strong>substituisse</strong></span> <span class='ocrx_word' id='word_1_561' title='bbox 2447 2317 2543 2370; x_wconf 88' lang='lat' dir='ltr'><strong>pro</strong></span> <span class='ocrx_word' id='word_1_562' title='bbox 2568 2302 2708 2355; x_wconf 90' lang='lat' dir='ltr'><strong>aliis.</strong></span> <span class='ocrx_word' id='word_1_563' title='bbox 2734 2302 2981 2370; x_wconf 85' lang='lat' dir='ltr'><strong>Alioquin</strong></span> <span class='ocrx_word' id='word_1_564' title='bbox 3012 2304 3055 2356; x_wconf 92' lang='lat' dir='ltr'><strong>si</strong></span> <span class='ocrx_word' id='word_1_565' title='bbox 3087 2304 3241 2368; x_wconf 75' lang='lat' dir='ltr'><strong>duas,</strong></span> <span class='ocrx_word' id='word_1_566' title='bbox 3286 2320 3418 2373; x_wconf 89' lang='lat' dir='ltr'><strong>per-</strong></span> 
     </span>
    </p>
   </div>
   <div class='ocr_carea' id='block_1_83' title="bbox 1888 2390 3419 2463">
    <p class='ocr_par' dir='ltr' id='par_1_83' title="bbox 1888 2390 3419 2463">
     <span class='ocr_line' id='line_1_83' title="bbox 1888 2390 3419 2463; baseline 0.004 -20"><span class='ocrx_word' id='word_1_567' title='bbox 1888 2390 2009 2444; x_wconf 88' lang='lat' dir='ltr'><strong>inde</strong></span> <span class='ocrx_word' id='word_1_568' title='bbox 2047 2401 2205 2460; x_wconf 87' lang='lat' dir='ltr'><strong>atque</strong></span> <span class='ocrx_word' id='word_1_569' title='bbox 2264 2393 2452 2460; x_wconf 87' lang='lat' dir='ltr'><strong>Aquila</strong></span> <span class='ocrx_word' id='word_1_570' title='bbox 2479 2432 2494 2456; x_wconf 91' lang='lat'><strong>,</strong></span> <span class='ocrx_word' id='word_1_571' title='bbox 2542 2408 2866 2460; x_wconf 85' lang='lat' dir='ltr'><strong>prorsusque</strong></span> <span class='ocrx_word' id='word_1_572' title='bbox 2892 2394 3069 2448; x_wconf 85' lang='lat' dir='ltr'><strong>varias</strong></span> <span class='ocrx_word' id='word_1_573' title='bbox 3102 2396 3419 2463; x_wconf 87' lang='lat' dir='ltr'><strong>interpreta-</strong></span> 
     </span>
    </p>
   </div>
   <div class='ocr_carea' id='block_1_84' title="bbox 1886 2480 3421 2555">
    <p class='ocr_par' dir='ltr' id='par_1_84' title="bbox 1886 2480 3421 2555">
     <span class='ocr_line' id='line_1_84' title="bbox 1886 2480 3421 2555; baseline 0.006 -22"><span class='ocrx_word' id='word_1_574' title='bbox 1886 2480 2058 2533; x_wconf 89' lang='lat' dir='ltr'><strong>tiones</strong></span> <span class='ocrx_word' id='word_1_575' title='bbox 2082 2482 2479 2546; x_wconf 87' lang='lat' dir='ltr'><strong>concinnasset,</strong></span> <span class='ocrx_word' id='word_1_576' title='bbox 2511 2483 2636 2550; x_wconf 85' lang='lat' dir='ltr'><strong>quid</strong></span> <span class='ocrx_word' id='word_1_577' title='bbox 2665 2499 2838 2536; x_wconf 71' lang='lat' dir='ltr'><strong>causa:</strong></span> <span class='ocrx_word' id='word_1_578' title='bbox 2863 2492 2944 2536; x_wconf 89' lang='lat' dir='ltr'><strong>est</strong></span> <span class='ocrx_word' id='word_1_579' title='bbox 2971 2499 3067 2536; x_wconf 90' lang='lat' dir='ltr'><strong>cur</strong></span> <span class='ocrx_word' id='word_1_580' title='bbox 3095 2500 3217 2539; x_wconf 89' lang='lat' dir='ltr'><strong>cum</strong></span> <span class='ocrx_word' id='word_1_581' title='bbox 3262 2484 3421 2555; x_wconf 77' lang='lat' dir='ltr'><strong>longe</strong></span> 
     </span>
    </p>
   </div>
   <div class='ocr_carea' id='block_1_85' title="bbox 1890 2570 3418 2640">
    <p class='ocr_par' dir='ltr' id='par_1_85' title="bbox 1890 2570 3418 2640">
     <span class='ocr_line' id='line_1_85' title="bbox 1890 2570 3418 2640; baseline 0.006 -18"><span class='ocrx_word' id='word_1_582' title='bbox 1890 2570 2187 2639; x_wconf 81' lang='lat' dir='ltr'><strong>elegantior</strong></span> <span class='ocrx_word' id='word_1_583' title='bbox 2215 2581 2267 2624; x_wconf 91' lang='lat' dir='ltr'><strong>ct</strong></span> <span class='ocrx_word' id='word_1_584' title='bbox 2301 2572 2488 2625; x_wconf 88' lang='lat' dir='ltr'><strong>melior</strong></span> <span class='ocrx_word' id='word_1_585' title='bbox 2512 2574 2774 2640; x_wconf 90' lang='lat' dir='ltr'><strong>interpres</strong></span> <span class='ocrx_word' id='word_1_586' title='bbox 2800 2588 2828 2626; x_wconf 89' lang='lat' dir='ltr'><strong>a</strong></span> <span class='ocrx_word' id='word_1_587' title='bbox 2854 2574 3035 2627; x_wconf 89' lang='lat' dir='ltr'><strong>multis</strong></span> <span class='ocrx_word' id='word_1_588' title='bbox 3088 2576 3301 2629; x_wconf 85' lang='lat' dir='ltr'><strong>habitus</strong></span> <span class='ocrx_word' id='word_1_589' title='bbox 3349 2577 3418 2631; x_wconf 88' lang='lat' dir='ltr'><strong>sit</strong></span> 
     </span>
    </p>
   </div>
   <div class='ocr_carea' id='block_1_86' title="bbox 1886 2659 3419 2732">
    <p class='ocr_par' dir='ltr' id='par_1_86' title="bbox 1886 2659 3419 2732">
     <span class='ocr_line' id='line_1_86' title="bbox 1886 2659 3419 2732; baseline 0.006 -22"><span class='ocrx_word' id='word_1_590' title='bbox 1886 2674 2044 2726; x_wconf 88' lang='lat' dir='ltr'><strong>quam</strong></span> <span class='ocrx_word' id='word_1_591' title='bbox 2075 2659 2285 2728; x_wconf 83' lang='lat' dir='ltr'><strong>Aquila,</strong></span> <span class='ocrx_word' id='word_1_592' title='bbox 2306 2669 2413 2714; x_wconf 75' lang='lat' dir='ltr'><strong>tam</strong></span> <span class='ocrx_word' id='word_1_593' title='bbox 2448 2677 2626 2729; x_wconf 70' lang='lat' dir='ltr'><strong>paucae</strong></span> <span class='ocrx_word' id='word_1_594' title='bbox 2657 2674 2832 2716; x_wconf 86' lang='lat' dir='ltr'><strong>tamen</strong></span> <span class='ocrx_word' id='word_1_595' title='bbox 2868 2678 2930 2717; x_wconf 84' lang='lat' dir='ltr'><strong>ex</strong></span> <span class='ocrx_word' id='word_1_596' title='bbox 2959 2665 3122 2718; x_wconf 86' lang='lat' dir='ltr'><strong>altera</strong></span> <span class='ocrx_word' id='word_1_597' title='bbox 3151 2665 3268 2732; x_wconf 81' lang='lat' dir='ltr'><strong>ejus</strong></span> <span class='ocrx_word' id='word_1_598' title='bbox 3307 2667 3419 2719; x_wconf 81' lang='lat' dir='ltr'><strong>edi-</strong></span> 
     </span>
    </p>
   </div>
   <div class='ocr_carea' id='block_1_87' title="bbox 1890 2750 3417 2824">
    <p class='ocr_par' dir='ltr' id='par_1_87' title="bbox 1890 2750 3417 2824">
     <span class='ocr_line' id='line_1_87' title="bbox 1890 2750 3417 2824; baseline 0.005 -23"><span class='ocrx_word' id='word_1_599' title='bbox 1890 2750 2032 2804; x_wconf 87' lang='lat' dir='ltr'><strong>tione</strong></span> <span class='ocrx_word' id='word_1_600' title='bbox 2066 2750 2320 2804; x_wconf 83' lang='lat' dir='ltr'><strong>lectiones</strong></span> <span class='ocrx_word' id='word_1_601' title='bbox 2348 2751 2658 2816; x_wconf 75' lang='lat' dir='ltr'><strong>alierantur,</strong></span> <span class='ocrx_word' id='word_1_602' title='bbox 2693 2755 2905 2821; x_wconf 89' lang='lat' dir='ltr'><strong>quando</strong></span> <span class='ocrx_word' id='word_1_603' title='bbox 2953 2763 3030 2806; x_wconf 86' lang='lat' dir='ltr'><strong>tot</strong></span> <span class='ocrx_word' id='word_1_604' title='bbox 3076 2764 3327 2824; x_wconf 81' lang='lat' dir='ltr'><strong>tantaque</strong></span> <span class='ocrx_word' id='word_1_605' title='bbox 3350 2772 3417 2810; x_wconf 75' lang='lat' dir='ltr'><strong>ex</strong></span> 
     </span>
    </p>
   </div>
   <div class='ocr_carea' id='block_1_88' title="bbox 1887 2839 3417 2913">
    <p class='ocr_par' dir='ltr' id='par_1_88' title="bbox 1887 2839 3417 2913">
     <span class='ocr_line' id='line_1_88' title="bbox 1887 2839 3417 2913; baseline 0.005 -22"><span class='ocrx_word' id='word_1_606' title='bbox 1887 2839 2121 2892; x_wconf 87' lang='lat' dir='ltr'><strong>secunda</strong></span> <span class='ocrx_word' id='word_1_607' title='bbox 2170 2840 2375 2908; x_wconf 63' lang='lat' dir='ltr'><strong>Aquilae</strong></span> <span class='ocrx_word' id='word_1_608' title='bbox 2421 2841 2655 2894; x_wconf 89' lang='lat' dir='ltr'><strong>editione</strong></span> <span class='ocrx_word' id='word_1_609' title='bbox 2704 2844 3032 2911; x_wconf 87' lang='lat' dir='ltr'><strong>supersunt?</strong></span> <span class='ocrx_word' id='word_1_610' title='bbox 3062 2842 3187 2897; x_wconf 77' lang='lat' dir='ltr'><strong>Haec</strong></span> <span class='ocrx_word' id='word_1_611' title='bbox 3233 2845 3417 2913; x_wconf 82' lang='lat' dir='ltr'><strong>conje-</strong></span> 
     </span>
    </p>
   </div>
   <div class='ocr_carea' id='block_1_89' title="bbox 1887 2928 3416 3007">
    <p class='ocr_par' dir='ltr' id='par_1_89' title="bbox 1887 2928 3416 3007">
     <span class='ocr_line' id='line_1_89' title="bbox 1887 2928 3416 3007; baseline 0.009 -27"><span class='ocrx_word' id='word_1_612' title='bbox 1887 2928 2079 2981; x_wconf 90' lang='lat' dir='ltr'><strong>ctando</strong></span> <span class='ocrx_word' id='word_1_613' title='bbox 2108 2929 2277 2982; x_wconf 82' lang='lat' dir='ltr'><strong>solum</strong></span> <span class='ocrx_word' id='word_1_614' title='bbox 2312 2930 2451 2983; x_wconf 87' lang='lat' dir='ltr'><strong>dicta</strong></span> <span class='ocrx_word' id='word_1_615' title='bbox 2477 2932 2622 2984; x_wconf 83' lang='lat' dir='ltr'><strong>sint:</strong></span> <span class='ocrx_word' id='word_1_616' title='bbox 2668 2948 2752 2987; x_wconf 91' lang='lat' dir='ltr'><strong>res</strong></span> <span class='ocrx_word' id='word_1_617' title='bbox 2779 2934 2918 2986; x_wconf 90' lang='lat' dir='ltr'><strong>enim</strong></span> <span class='ocrx_word' id='word_1_618' title='bbox 2968 2949 3074 2987; x_wconf 88' lang='lat' dir='ltr'><strong>non</strong></span> <span class='ocrx_word' id='word_1_619' title='bbox 3127 2935 3199 2989; x_wconf 89' lang='lat' dir='ltr'><strong>ita</strong></span> <span class='ocrx_word' id='word_1_620' title='bbox 3235 2939 3416 3007; x_wconf 79' lang='lat' dir='ltr'><strong>exple-</strong></span> 
     </span>
    </p>
   </div>
   <div class='ocr_carea' id='block_1_90' title="bbox 1888 3024 3200 3089">
    <p class='ocr_par' dir='ltr' id='par_1_90' title="bbox 1888 3024 3200 3089">
     <span class='ocr_line' id='line_1_90' title="bbox 1888 3024 3200 3089; baseline 0.005 -18"><span class='ocrx_word' id='word_1_621' title='bbox 1888 3028 2000 3071; x_wconf 83' lang='lat' dir='ltr'><strong>rata</strong></span> <span class='ocrx_word' id='word_1_622' title='bbox 2029 3028 2111 3073; x_wconf 83' lang='lat' dir='ltr'><strong>est</strong></span> <span class='ocrx_word' id='word_1_623' title='bbox 2131 3059 2147 3084; x_wconf 96' lang='lat'><strong>,</strong></span> <span class='ocrx_word' id='word_1_624' title='bbox 2177 3029 2235 3072; x_wconf 92' lang='lat' dir='ltr'><strong>ut</strong></span> <span class='ocrx_word' id='word_1_625' title='bbox 2264 3028 2379 3074; x_wconf 91' lang='lat' dir='ltr'><strong>tuto</strong></span> <span class='ocrx_word' id='word_1_626' title='bbox 2403 3024 2670 3089; x_wconf 89' lang='lat' dir='ltr'><strong>possimus</strong></span> <span class='ocrx_word' id='word_1_627' title='bbox 2699 3025 3013 3077; x_wconf 87' lang='lat' dir='ltr'><strong>sententiam</strong></span> <span class='ocrx_word' id='word_1_628' title='bbox 3043 3024 3200 3079; x_wconf 78' lang='lat' dir='ltr'><strong>l‘erre.</strong></span> 
     </span>
    </p>
   </div>
   <div class='ocr_carea' id='block_1_91' title="bbox 1814 3126 3416 3199">
    <p class='ocr_par' dir='ltr' id='par_1_91' title="bbox 1814 3126 3416 3199">
     <span class='ocr_line' id='line_1_91' title="bbox 1814 3126 3416 3199; baseline 0.006 -19"><span class='ocrx_word' id='word_1_629' title='bbox 1814 3138 1854 3195; x_wconf 74' lang='grc' dir='ltr'>ο</span> <span class='ocrx_word' id='word_1_630' title='bbox 1887 3126 1950 3181; x_wconf 74' lang='lat' dir='ltr'><strong>V.</strong></span> <span class='ocrx_word' id='word_1_631' title='bbox 1968 3127 2098 3199; x_wconf 79' lang='lat' dir='ltr'><strong>Quo</strong></span> <span class='ocrx_word' id='word_1_632' title='bbox 2133 3131 2357 3183; x_wconf 70' lang='lat' dir='ltr'><strong>vertendi</strong></span> <span class='ocrx_word' id='word_1_633' title='bbox 2382 3149 2562 3199; x_wconf 81' lang='lat' dir='ltr'><strong>genere</strong></span> <span class='ocrx_word' id='word_1_634' title='bbox 2594 3150 2718 3185; x_wconf 86' lang='lat' dir='ltr'><strong>usus</strong></span> <span class='ocrx_word' id='word_1_635' title='bbox 2744 3136 2843 3186; x_wconf 85' lang='lat' dir='ltr'><strong>sit:</strong></span> <span class='ocrx_word' id='word_1_636' title='bbox 2871 3145 2916 3186; x_wconf 89' lang='lat' dir='ltr'><strong>et</strong></span> <span class='ocrx_word' id='word_1_637' title='bbox 2942 3135 3003 3186; x_wconf 88' lang='lat' dir='ltr'><strong>de</strong></span> <span class='ocrx_word' id='word_1_638' title='bbox 3025 3137 3175 3186; x_wconf 81' lang='lat' dir='ltr'><strong>annis</strong></span> <span class='ocrx_word' id='word_1_639' title='bbox 3202 3136 3416 3189; x_wconf 81' lang='lat' dir='ltr'><strong>chrono-</strong></span> 
     </span>
    </p>
   </div>
   <div class='ocr_carea' id='block_1_92' title="bbox 1957 3198 3414 3273">
    <p class='ocr_par' dir='ltr' id='par_1_92' title="bbox 1957 3198 3414 3273">
     <span class='ocr_line' id='line_1_92' title="bbox 1957 3198 3414 3273; baseline 0.007 -23"><span class='ocrx_word' id='word_1_640' title='bbox 1957 3198 2137 3266; x_wconf 85' lang='lat' dir='ltr'><strong>logicis</strong></span> <span class='ocrx_word' id='word_1_641' title='bbox 2165 3202 2347 3273; x_wconf 66' lang='lat' dir='ltr'><strong>primm</strong></span> <span class='ocrx_word' id='word_1_642' title='bbox 2386 3198 2447 3254; x_wconf 85' lang='lat' dir='ltr'><strong>ac</strong></span> <span class='ocrx_word' id='word_1_643' title='bbox 2487 3203 2725 3256; x_wconf 68' lang='lat' dir='ltr'><strong>secunda</strong></span> <span class='ocrx_word' id='word_1_644' title='bbox 2762 3205 2931 3256; x_wconf 70' lang='lat' dir='ltr'><strong>(etatis</strong></span> <span class='ocrx_word' id='word_1_645' title='bbox 2957 3213 3014 3255; x_wconf 89' lang='lat' dir='ltr'><strong>ut</strong></span> <span class='ocrx_word' id='word_1_646' title='bbox 3043 3220 3075 3256; x_wconf 90' lang='lat' dir='ltr'><strong>a</strong></span> <span class='ocrx_word' id='word_1_647' title='bbox 3111 3202 3414 3273; x_wconf 64' lang='lat' dir='ltr'><strong>Symmacho</strong></span> 
     </span>
    </p>
   </div>
   <div class='ocr_carea' id='block_1_93' title="bbox 1954 3267 2377 3321">
    <p class='ocr_par' dir='ltr' id='par_1_93' title="bbox 1954 3267 2377 3321">
     <span class='ocr_line' id='line_1_93' title="bbox 1954 3267 2377 3321; baseline 0 -1"><span class='ocrx_word' id='word_1_648' title='bbox 1954 3267 2377 3321; x_wconf 82' lang='lat' dir='ltr'><strong>numerabantur.</strong></span> 
     </span>
    </p>
   </div>
   <div class='ocr_carea' id='block_1_94' title="bbox 1952 3377 3417 3454">
    <p class='ocr_par' dir='ltr' id='par_1_94' title="bbox 1952 3377 3417 3454">
     <span class='ocr_line' id='line_1_94' title="bbox 1952 3377 3417 3454; baseline 0.005 -23"><span class='ocrx_word' id='word_1_649' title='bbox 1952 3377 2316 3447; x_wconf 86' lang='lat' dir='ltr'><strong>lnterpretatio</strong></span> <span class='ocrx_word' id='word_1_650' title='bbox 2345 3378 2651 3450; x_wconf 85' lang='lat' dir='ltr'><strong>Symmachi</strong></span> <span class='ocrx_word' id='word_1_651' title='bbox 2677 3382 2974 3437; x_wconf 87' lang='lat' dir='ltr'><strong>clarissima</strong></span> <span class='ocrx_word' id='word_1_652' title='bbox 3033 3391 3085 3437; x_wconf 87' lang='lat' dir='ltr'><strong>et</strong></span> <span class='ocrx_word' id='word_1_653' title='bbox 3138 3384 3417 3454; x_wconf 81' lang='lat' dir='ltr'><strong>elegantis-</strong></span> 
     </span>
    </p>
   </div>
   <div class='ocr_carea' id='block_1_95' title="bbox 1884 3469 3417 3540">
    <p class='ocr_par' dir='ltr' id='par_1_95' title="bbox 1884 3469 3417 3540">
     <span class='ocr_line' id='line_1_95' title="bbox 1884 3469 3417 3540; baseline 0.001 -16"><span class='ocrx_word' id='word_1_654' title='bbox 1884 3471 2019 3524; x_wconf 89' lang='lat' dir='ltr'><strong>sima</strong></span> <span class='ocrx_word' id='word_1_655' title='bbox 2045 3470 2283 3523; x_wconf 92' lang='lat' dir='ltr'><strong>omnium</strong></span> <span class='ocrx_word' id='word_1_656' title='bbox 2312 3480 2417 3525; x_wconf 87' lang='lat' dir='ltr'><strong>est.</strong></span> <span class='ocrx_word' id='word_1_657' title='bbox 2449 3469 2554 3525; x_wconf 85' lang='lat' dir='ltr'><strong>Res</strong></span> <span class='ocrx_word' id='word_1_658' title='bbox 2583 3471 2668 3523; x_wconf 87' lang='lat' dir='ltr'><strong>ille</strong></span> <span class='ocrx_word' id='word_1_659' title='bbox 2699 3481 2756 3524; x_wconf 91' lang='lat' dir='ltr'><strong>ut</strong></span> <span class='ocrx_word' id='word_1_660' title='bbox 2776 3472 3061 3539; x_wconf 87' lang='lat' dir='ltr'><strong>plurimum</strong></span> <span class='ocrx_word' id='word_1_661' title='bbox 3101 3481 3221 3540; x_wconf 88' lang='lat' dir='ltr'><strong>apte</strong></span> <span class='ocrx_word' id='word_1_662' title='bbox 3251 3489 3313 3528; x_wconf 86' lang='lat' dir='ltr'><strong>ac</strong></span> <span class='ocrx_word' id='word_1_663' title='bbox 3333 3474 3417 3526; x_wconf 59' lang='lat' dir='ltr'><strong>di-</strong></span> 
     </span>
    </p>
   </div>
   <div class='ocr_carea' id='block_1_96' title="bbox 1883 3554 3416 3627">
    <p class='ocr_par' dir='ltr' id='par_1_96' title="bbox 1883 3554 3416 3627">
     <span class='ocr_line' id='line_1_96' title="bbox 1883 3554 3416 3627; baseline 0.003 -18"><span class='ocrx_word' id='word_1_664' title='bbox 1883 3556 2055 3612; x_wconf 90' lang='lat' dir='ltr'><strong>lucide</strong></span> <span class='ocrx_word' id='word_1_665' title='bbox 2086 3558 2334 3625; x_wconf 83' lang='lat' dir='ltr'><strong>exprimit</strong></span> <span class='ocrx_word' id='word_1_666' title='bbox 2366 3576 2378 3611; x_wconf 91' lang='lat'><strong>:</strong></span> <span class='ocrx_word' id='word_1_667' title='bbox 2415 3572 2520 3610; x_wconf 92' lang='lat' dir='ltr'><strong>non</strong></span> <span class='ocrx_word' id='word_1_668' title='bbox 2550 3558 2705 3610; x_wconf 87' lang='lat' dir='ltr'><strong>verba</strong></span> <span class='ocrx_word' id='word_1_669' title='bbox 2736 3559 2945 3624; x_wconf 85' lang='lat' dir='ltr'><strong>singula</strong></span> <span class='ocrx_word' id='word_1_670' title='bbox 2980 3554 3291 3627; x_wconf 86' lang='lat' dir='ltr'><strong>scrupulose</strong></span> <span class='ocrx_word' id='word_1_671' title='bbox 3331 3575 3416 3614; x_wconf 63' lang='grc' dir='ltr'><strong>νος</strong></span> 
     </span>
    </p>
   </div>
   <div class='ocr_carea' id='block_1_97' title="bbox 1884 3647 3416 3718">
    <p class='ocr_par' dir='ltr' id='par_1_97' title="bbox 1884 3647 3416 3718">
     <span class='ocr_line' id='line_1_97' title="bbox 1884 3647 3416 3718; baseline 0.003 -18"><span class='ocrx_word' id='word_1_672' title='bbox 1884 3647 2021 3702; x_wconf 80' lang='lat' dir='ltr'><strong>ferre</strong></span> <span class='ocrx_word' id='word_1_673' title='bbox 2042 3648 2218 3702; x_wconf 88' lang='lat' dir='ltr'><strong>studet</strong></span> <span class='ocrx_word' id='word_1_674' title='bbox 2242 3659 2301 3700; x_wconf 92' lang='lat' dir='ltr'><strong>ut</strong></span> <span class='ocrx_word' id='word_1_675' title='bbox 2334 3648 2525 3716; x_wconf 81' lang='lat' dir='ltr'><strong>Aquila</strong></span> <span class='ocrx_word' id='word_1_676' title='bbox 2551 3663 2565 3711; x_wconf 89' lang='lat'><strong>;</strong></span> <span class='ocrx_word' id='word_1_677' title='bbox 2594 3662 2700 3701; x_wconf 89' lang='lat' dir='ltr'><strong>non</strong></span> <span class='ocrx_word' id='word_1_678' title='bbox 2728 3647 2867 3699; x_wconf 82' lang='lat' dir='ltr'><strong>LXX</strong></span> <span class='ocrx_word' id='word_1_679' title='bbox 2900 3649 3216 3717; x_wconf 84' lang='lat' dir='ltr'><strong>lnterprctes</strong></span> <span class='ocrx_word' id='word_1_680' title='bbox 3231 3666 3416 3718; x_wconf 85' lang='lat' dir='ltr'><strong>presso</strong></span> 
     </span>
    </p>
   </div>
   <div class='ocr_carea' id='block_1_98' title="bbox 1882 3733 3417 3806">
    <p class='ocr_par' dir='ltr' id='par_1_98' title="bbox 1882 3733 3417 3806">
     <span class='ocr_line' id='line_1_98' title="bbox 1882 3733 3417 3806; baseline 0.005 -20"><span class='ocrx_word' id='word_1_681' title='bbox 1882 3735 2105 3803; x_wconf 82' lang='lat' dir='ltr'><strong>vestigio</strong></span> <span class='ocrx_word' id='word_1_682' title='bbox 2133 3734 2374 3803; x_wconf 91' lang='lat' dir='ltr'><strong>sequitur</strong></span> <span class='ocrx_word' id='word_1_683' title='bbox 2405 3743 2461 3788; x_wconf 93' lang='lat' dir='ltr'><strong>ut</strong></span> <span class='ocrx_word' id='word_1_684' title='bbox 2493 3733 2789 3788; x_wconf 88' lang='lat' dir='ltr'><strong>Theodotio</strong></span> <span class='ocrx_word' id='word_1_685' title='bbox 2812 3753 2827 3800; x_wconf 89' lang='lat'><strong>;</strong></span> <span class='ocrx_word' id='word_1_686' title='bbox 2854 3737 2944 3789; x_wconf 89' lang='lat' dir='ltr'><strong>sed</strong></span> <span class='ocrx_word' id='word_1_687' title='bbox 2978 3738 3059 3790; x_wconf 86' lang='lat' dir='ltr'><strong>vel</strong></span> <span class='ocrx_word' id='word_1_688' title='bbox 3087 3738 3151 3806; x_wconf 65' lang='grc' dir='ltr'>,ιιι</span> <span class='ocrx_word' id='word_1_689' title='bbox 3173 3738 3417 3793; x_wconf 81' lang='lat' dir='ltr'><strong>dilIieilli-</strong></span> 
     </span>
    </p>
   </div>
   <div class='ocr_carea' id='block_1_99' title="bbox 1882 3820 3415 3888">
    <p class='ocr_par' dir='ltr' id='par_1_99' title="bbox 1882 3820 3415 3888">
     <span class='ocr_line' id='line_1_99' title="bbox 1882 3820 3415 3888; baseline 0.003 -16"><span class='ocrx_word' id='word_1_690' title='bbox 1882 3821 1984 3874; x_wconf 91' lang='lat' dir='ltr'><strong>mis</strong></span> <span class='ocrx_word' id='word_1_691' title='bbox 2007 3822 2140 3875; x_wconf 90' lang='lat' dir='ltr'><strong>locis</strong></span> <span class='ocrx_word' id='word_1_692' title='bbox 2170 3836 2385 3875; x_wconf 88' lang='lat' dir='ltr'><strong>sensum</strong></span> <span class='ocrx_word' id='word_1_693' title='bbox 2416 3820 2487 3872; x_wconf 90' lang='lat' dir='ltr'><strong>ita</strong></span> <span class='ocrx_word' id='word_1_694' title='bbox 2520 3820 2713 3888; x_wconf 83' lang='lat' dir='ltr'><strong>legenti</strong></span> <span class='ocrx_word' id='word_1_695' title='bbox 2750 3820 2997 3884; x_wconf 78' lang='lat' dir='ltr'><strong>exhibet,</strong></span> <span class='ocrx_word' id='word_1_696' title='bbox 3038 3831 3095 3875; x_wconf 92' lang='lat' dir='ltr'><strong>ut</strong></span> <span class='ocrx_word' id='word_1_697' title='bbox 3122 3824 3301 3876; x_wconf 89' lang='lat' dir='ltr'><strong>statim</strong></span> <span class='ocrx_word' id='word_1_698' title='bbox 3330 3824 3415 3876; x_wconf 89' lang='lat' dir='ltr'><strong>in-</strong></span> 
     </span>
    </p>
   </div>
   <div class='ocr_carea' id='block_1_100' title="bbox 1882 3907 3413 3980">
    <p class='ocr_par' dir='ltr' id='par_1_100' title="bbox 1882 3907 3413 3980">
     <span class='ocr_line' id='line_1_100' title="bbox 1882 3907 3413 3980; baseline 0.001 -19"><span class='ocrx_word' id='word_1_699' title='bbox 1882 3909 2163 3977; x_wconf 84' lang='lat' dir='ltr'><strong>telligatur.</strong></span> <span class='ocrx_word' id='word_1_700' title='bbox 2192 3907 2536 3961; x_wconf 84' lang='lat' dir='ltr'><strong>Hebraismos</strong></span> <span class='ocrx_word' id='word_1_701' title='bbox 2567 3911 2689 3960; x_wconf 86' lang='lat' dir='ltr'><strong>ra&#39;ro</strong></span> <span class='ocrx_word' id='word_1_702' title='bbox 2734 3917 2989 3962; x_wconf 86' lang='lat' dir='ltr'><strong>seetalur.</strong></span> <span class='ocrx_word' id='word_1_703' title='bbox 3042 3908 3413 3980; x_wconf 83' lang='lat' dir='ltr'><strong>Summopere-</strong></span> 
     </span>
    </p>
   </div>
   <div class='ocr_carea' id='block_1_101' title="bbox 1882 3996 3412 4066">
    <p class='ocr_par' dir='ltr' id='par_1_101' title="bbox 1882 3996 3412 4066">
     <span class='ocr_line' id='line_1_101' title="bbox 1882 3996 3412 4066; baseline 0.001 -16"><span class='ocrx_word' id='word_1_704' title='bbox 1882 4012 1986 4066; x_wconf 89' lang='lat' dir='ltr'><strong>que</strong></span> <span class='ocrx_word' id='word_1_705' title='bbox 2013 4012 2229 4050; x_wconf 89' lang='lat' dir='ltr'><strong>curasse</strong></span> <span class='ocrx_word' id='word_1_706' title='bbox 2261 3996 2492 4060; x_wconf 82' lang='lat' dir='ltr'><strong>videtur,</strong></span> <span class='ocrx_word' id='word_1_707' title='bbox 2520 4010 2584 4049; x_wconf 89' lang='lat' dir='ltr'><strong>ne</strong></span> <span class='ocrx_word' id='word_1_708' title='bbox 2629 3996 2899 4063; x_wconf 88' lang='lat' dir='ltr'><strong>quidpiam</strong></span> <span class='ocrx_word' id='word_1_709' title='bbox 2952 3997 3006 4048; x_wconf 89' lang='lat' dir='ltr'><strong>in</strong></span> <span class='ocrx_word' id='word_1_710' title='bbox 3038 3996 3216 4050; x_wconf 71' lang='lat' dir='ltr'><strong>Graeca</strong></span> <span class='ocrx_word' id='word_1_711' title='bbox 3273 3998 3412 4051; x_wconf 84' lang='lat' dir='ltr'><strong>serie</strong></span> 
     </span>
    </p>
   </div>
   <div class='ocr_carea' id='block_1_102' title="bbox 1882 4084 3410 4156">
    <p class='ocr_par' dir='ltr' id='par_1_102' title="bbox 1882 4084 3410 4156">
     <span class='ocr_line' id='line_1_102' title="bbox 1882 4084 3410 4156; baseline 0.001 -16"><span class='ocrx_word' id='word_1_712' title='bbox 1882 4096 2120 4156; x_wconf 90' lang='lat' dir='ltr'><strong>poneret,</strong></span> <span class='ocrx_word' id='word_1_713' title='bbox 2148 4087 2288 4155; x_wconf 85' lang='lat' dir='ltr'><strong>quod</strong></span> <span class='ocrx_word' id='word_1_714' title='bbox 2316 4084 2555 4140; x_wconf 67' lang='lat' dir='ltr'><strong>Graecum</strong></span> <span class='ocrx_word' id='word_1_715' title='bbox 2600 4086 2849 4139; x_wconf 86' lang='lat' dir='ltr'><strong>lectorem</strong></span> <span class='ocrx_word' id='word_1_716' title='bbox 2882 4086 3133 4140; x_wconf 86' lang='lat' dir='ltr'><strong>llebraiee</strong></span> <span class='ocrx_word' id='word_1_717' title='bbox 3167 4088 3410 4155; x_wconf 87' lang='lat' dir='ltr'><strong>ignarum</strong></span> 
     </span>
    </p>
   </div>
   <div class='ocr_carea' id='block_1_103' title="bbox 1881 4177 3409 4245">
    <p class='ocr_par' dir='ltr' id='par_1_103' title="bbox 1881 4177 3409 4245">
     <span class='ocr_line' id='line_1_103' title="bbox 1881 4177 3409 4245; baseline 0.001 -15"><span class='ocrx_word' id='word_1_718' title='bbox 1881 4177 2144 4235; x_wconf 79' lang='lat' dir='ltr'><strong>oll‘endere</strong></span> <span class='ocrx_word' id='word_1_719' title='bbox 2177 4187 2392 4245; x_wconf 80' lang='lat' dir='ltr'><strong>posset:</strong></span> <span class='ocrx_word' id='word_1_720' title='bbox 2437 4192 2498 4230; x_wconf 89' lang='lat' dir='ltr'><strong>ea</strong></span> <span class='ocrx_word' id='word_1_721' title='bbox 2539 4185 2715 4231; x_wconf 89' lang='lat' dir='ltr'><strong>tamen</strong></span> <span class='ocrx_word' id='word_1_722' title='bbox 2738 4179 2964 4240; x_wconf 81' lang='lat' dir='ltr'><strong>cautela,</strong></span> <span class='ocrx_word' id='word_1_723' title='bbox 2992 4187 3050 4232; x_wconf 89' lang='lat' dir='ltr'><strong>ut</strong></span> <span class='ocrx_word' id='word_1_724' title='bbox 3091 4177 3409 4233; x_wconf 82' lang='lat' dir='ltr'><strong>Hebraicum</strong></span> 
     </span>
    </p>
   </div>
   <div class='ocr_carea' id='block_1_104' title="bbox 1879 4267 3411 4338">
    <p class='ocr_par' dir='ltr' id='par_1_104' title="bbox 1879 4267 3411 4338">
     <span class='ocr_line' id='line_1_104' title="bbox 1879 4267 3411 4338; baseline 0.001 -18"><span class='ocrx_word' id='word_1_725' title='bbox 1879 4267 2149 4335; x_wconf 78' lang='lat' dir='ltr'><strong>exemplar</strong></span> <span class='ocrx_word' id='word_1_726' title='bbox 2185 4268 2398 4321; x_wconf 89' lang='lat' dir='ltr'><strong>unicum</strong></span> <span class='ocrx_word' id='word_1_727' title='bbox 2431 4271 2757 4338; x_wconf 85' lang='lat' dir='ltr'><strong>sequendum</strong></span> <span class='ocrx_word' id='word_1_728' title='bbox 2797 4269 2897 4322; x_wconf 86' lang='lat' dir='ltr'><strong>sibi</strong></span> <span class='ocrx_word' id='word_1_729' title='bbox 2929 4279 3263 4338; x_wconf 89' lang='lat' dir='ltr'><strong>proponeret,</strong></span> <span class='ocrx_word' id='word_1_730' title='bbox 3286 4285 3411 4324; x_wconf 79' lang='lat' dir='ltr'><strong>~nee</strong></span> 
     </span>
    </p>
   </div>
   <div class='ocr_carea' id='block_1_105' title="bbox 1880 4357 3410 4425">
    <p class='ocr_par' dir='ltr' id='par_1_105' title="bbox 1880 4357 3410 4425">
     <span class='ocr_line' id='line_1_105' title="bbox 1880 4357 3410 4425; baseline 0.003 -16"><span class='ocrx_word' id='word_1_731' title='bbox 1880 4357 2147 4425; x_wconf 87' lang='lat' dir='ltr'><strong>quidpiam</strong></span> <span class='ocrx_word' id='word_1_732' title='bbox 2171 4371 2234 4410; x_wconf 83' lang='lat' dir='ltr'><strong>ex</strong></span> <span class='ocrx_word' id='word_1_733' title='bbox 2263 4357 2495 4413; x_wconf 86' lang='lat' dir='ltr'><strong>editione</strong></span> <span class='ocrx_word' id='word_1_734' title='bbox 2524 4359 2629 4412; x_wconf 82' lang='grc' dir='ltr'><strong>τῶν</strong></span> <span class='ocrx_word' id='word_1_735' title='bbox 2663 4362 2737 4421; x_wconf 84' lang='lat'><strong>0&#39;,</strong></span> <span class='ocrx_word' id='word_1_736' title='bbox 2768 4359 2853 4411; x_wconf 86' lang='lat' dir='ltr'><strong>ubi</strong></span> <span class='ocrx_word' id='word_1_737' title='bbox 2878 4374 2998 4413; x_wconf 88' lang='lat' dir='ltr'><strong>cum</strong></span> <span class='ocrx_word' id='word_1_738' title='bbox 3022 4358 3280 4413; x_wconf 83' lang='lat' dir='ltr'><strong>Hebraico</strong></span> <span class='ocrx_word' id='word_1_739' title='bbox 3305 4374 3410 4413; x_wconf 91' lang='lat' dir='ltr'><strong>non</strong></span> 
     </span>
    </p>
   </div>
   <div class='ocr_carea' id='block_1_106' title="bbox 1813 4446 3407 4517">
    <p class='ocr_par' dir='ltr' id='par_1_106' title="bbox 1813 4446 3407 4517">
     <span class='ocr_line' id='line_1_106' title="bbox 1813 4446 3407 4517; baseline 0.003 -18"><span class='ocrx_word' id='word_1_740' title='bbox 1813 4446 2193 4516; x_wconf 89' lang='lat' dir='ltr'><strong>anadrabat,</strong></span> <span class='ocrx_word' id='word_1_741' title='bbox 2233 4447 2284 4502; x_wconf 92' lang='lat' dir='ltr'><strong>in</strong></span> <span class='ocrx_word' id='word_1_742' title='bbox 2336 4449 2819 4517; x_wconf 86' lang='lat' dir='ltr'><strong>interpretationem</strong></span> <span class='ocrx_word' id='word_1_743' title='bbox 2877 4466 3026 4504; x_wconf 88' lang='lat' dir='ltr'><strong>suam</strong></span> <span class='ocrx_word' id='word_1_744' title='bbox 3082 4449 3407 4504; x_wconf 79' lang='lat' dir='ltr'><strong>refunderet.</strong></span> 
     </span>
    </p>
   </div>
   <div class='ocr_carea' id='block_1_107' title="bbox 1879 4536 3409 4609">
    <p class='ocr_par' dir='ltr' id='par_1_107' title="bbox 1879 4536 3409 4609">
     <span class='ocr_line' id='line_1_107' title="bbox 1879 4536 3409 4609; baseline 0.002 -19"><span class='ocrx_word' id='word_1_745' title='bbox 1879 4536 2233 4602; x_wconf 85' lang='lat' dir='ltr'><strong>Quamobrem</strong></span> <span class='ocrx_word' id='word_1_746' title='bbox 2264 4538 2315 4590; x_wconf 90' lang='lat' dir='ltr'><strong>in</strong></span> <span class='ocrx_word' id='word_1_747' title='bbox 2339 4539 2495 4593; x_wconf 83' lang='lat' dir='ltr'><strong>annis</strong></span> <span class='ocrx_word' id='word_1_748' title='bbox 2525 4540 2914 4609; x_wconf 87' lang='lat' dir='ltr'><strong>chronologicis</strong></span> <span class='ocrx_word' id='word_1_749' title='bbox 2930 4540 2997 4593; x_wconf 88' lang='lat' dir='ltr'><strong>ab</strong></span> <span class='ocrx_word' id='word_1_750' title='bbox 3021 4539 3224 4593; x_wconf 85' lang='lat' dir='ltr'><strong>Adamo</strong></span> <span class='ocrx_word' id='word_1_751' title='bbox 3241 4554 3409 4607; x_wconf 83' lang='lat' dir='ltr'><strong>usque</strong></span> 
     </span>
    </p>
   </div>
   <div class='ocr_carea' id='block_1_108' title="bbox 1879 4627 3406 4699">
    <p class='ocr_par' dir='ltr' id='par_1_108' title="bbox 1879 4627 3406 4699">
     <span class='ocr_line' id='line_1_108' title="bbox 1879 4627 3406 4699; baseline 0 -19"><span class='ocrx_word' id='word_1_752' title='bbox 1879 4628 1942 4681; x_wconf 90' lang='lat' dir='ltr'><strong>ad</strong></span> <span class='ocrx_word' id='word_1_753' title='bbox 1960 4628 2337 4693; x_wconf 77' lang='lat' dir='ltr'><strong>Abrahamum,</strong></span> <span class='ocrx_word' id='word_1_754' title='bbox 2362 4629 2522 4682; x_wconf 88' lang='lat' dir='ltr'><strong>missa</strong></span> <span class='ocrx_word' id='word_1_755' title='bbox 2549 4629 2893 4699; x_wconf 84' lang='lat' dir='ltr'><strong>Septuaginta</strong></span> <span class='ocrx_word' id='word_1_756' title='bbox 2913 4627 3260 4696; x_wconf 89' lang='lat' dir='ltr'><strong>lutcrpretum</strong></span> <span class='ocrx_word' id='word_1_757' title='bbox 3280 4643 3406 4696; x_wconf 85' lang='lat' dir='ltr'><strong>sup-</strong></span> 
     </span>
    </p>
   </div>
   <div class='ocr_carea' id='block_1_109' title="bbox 1877 4716 3405 4786">
    <p class='ocr_par' dir='ltr' id='par_1_109' title="bbox 1877 4716 3405 4786">
     <span class='ocr_line' id='line_1_109' title="bbox 1877 4716 3405 4786; baseline 0.001 -17"><span class='ocrx_word' id='word_1_758' title='bbox 1877 4718 2168 4786; x_wconf 82' lang='lat' dir='ltr'><strong>putatione,</strong></span> <span class='ocrx_word' id='word_1_759' title='bbox 2194 4716 2432 4770; x_wconf 81' lang='lat' dir='ltr'><strong>llebraici</strong></span> <span class='ocrx_word' id='word_1_760' title='bbox 2457 4732 2665 4785; x_wconf 90' lang='lat' dir='ltr'><strong>semper</strong></span> <span class='ocrx_word' id='word_1_761' title='bbox 2720 4727 2894 4771; x_wconf 79' lang='lat' dir='ltr'><strong>textus</strong></span> <span class='ocrx_word' id='word_1_762' title='bbox 2926 4732 3096 4771; x_wconf 86' lang='lat' dir='ltr'><strong>annos</strong></span> <span class='ocrx_word' id='word_1_763' title='bbox 3138 4718 3405 4785; x_wconf 82' lang='lat' dir='ltr'><strong>exprime-</strong></span> 
     </span>
    </p>
   </div>
   <div class='ocr_carea' id='block_1_110' title="bbox 1877 4805 3402 4876">
    <p class='ocr_par' dir='ltr' id='par_1_110' title="bbox 1877 4805 3402 4876">
     <span class='ocr_line' id='line_1_110' title="bbox 1877 4805 3402 4876; baseline 0.001 -17"><span class='ocrx_word' id='word_1_764' title='bbox 1877 4806 1986 4871; x_wconf 88' lang='lat' dir='ltr'><strong>bat,</strong></span> <span class='ocrx_word' id='word_1_765' title='bbox 2014 4815 2072 4859; x_wconf 93' lang='lat' dir='ltr'><strong>ut</strong></span> <span class='ocrx_word' id='word_1_766' title='bbox 2098 4807 2408 4860; x_wconf 73' lang='lat' dir='ltr'><strong>testificatur</strong></span> <span class='ocrx_word' id='word_1_767' title='bbox 2439 4805 2697 4861; x_wconf 84' lang='lat' dir='ltr'><strong>Eusebius</strong></span> <span class='ocrx_word' id='word_1_768' title='bbox 2726 4807 3002 4860; x_wconf 84' lang='lat' dir='ltr'><strong>Emisenus</strong></span> <span class='ocrx_word' id='word_1_769' title='bbox 3026 4808 3077 4858; x_wconf 92' lang='lat' dir='ltr'><strong>in</strong></span> <span class='ocrx_word' id='word_1_770' title='bbox 3112 4807 3227 4859; x_wconf 86' lang='lat' dir='ltr'><strong>loco</strong></span> <span class='ocrx_word' id='word_1_771' title='bbox 3242 4822 3402 4876; x_wconf 80' lang='lat' dir='ltr'><strong>quem</strong></span> 
     </span>
    </p>
   </div>
   <div class='ocr_carea' id='block_1_111' title="bbox 1877 4895 3401 4964">
    <p class='ocr_par' dir='ltr' id='par_1_111' title="bbox 1877 4895 3401 4964">
     <span class='ocr_line' id='line_1_111' title="bbox 1877 4895 3401 4964; baseline 0.002 -15"><span class='ocrx_word' id='word_1_772' title='bbox 1877 4912 1939 4950; x_wconf 83' lang='lat' dir='ltr'><strong>ex</strong></span> <span class='ocrx_word' id='word_1_773' title='bbox 1968 4897 2350 4964; x_wconf 89' lang='lat' dir='ltr'><strong>manuscriptis</strong></span> <span class='ocrx_word' id='word_1_774' title='bbox 2378 4904 2683 4964; x_wconf 76' lang='lat' dir='ltr'><strong>excerptum</strong></span> <span class='ocrx_word' id='word_1_775' title='bbox 2712 4897 2988 4949; x_wconf 89' lang='lat' dir='ltr'><strong>retulimus</strong></span> <span class='ocrx_word' id='word_1_776' title='bbox 3019 4896 3071 4947; x_wconf 91' lang='lat' dir='ltr'><strong>in</strong></span> <span class='ocrx_word' id='word_1_777' title='bbox 3105 4896 3243 4950; x_wconf 87' lang='lat' dir='ltr'><strong>notis</strong></span> <span class='ocrx_word' id='word_1_778' title='bbox 3271 4895 3401 4952; x_wconf 85' lang='lat' dir='ltr'><strong>Gen.</strong></span> 
     </span>
    </p>
   </div>
   <div class='ocr_carea' id='block_1_112' title="bbox 1879 4982 3406 5054">
    <p class='ocr_par' dir='ltr' id='par_1_112' title="bbox 1879 4982 3406 5054">
     <span class='ocr_line' id='line_1_112' title="bbox 1879 4982 3406 5054; baseline 0.002 -17"><span class='ocrx_word' id='word_1_779' title='bbox 1879 5000 1929 5048; x_wconf 88' lang='lat' dir='ltr'><strong>v,</strong></span> <span class='ocrx_word' id='word_1_780' title='bbox 1959 4985 2012 5037; x_wconf 85' lang='lat'><strong>5.</strong></span> <span class='ocrx_word' id='word_1_781' title='bbox 2042 4983 2312 5046; x_wconf 73' lang='lat' dir='ltr'><strong>Hebrwus,</strong></span> <span class='ocrx_word' id='word_1_782' title='bbox 2344 4984 2516 5053; x_wconf 88' lang='lat' dir='ltr'><strong>inquit</strong></span> <span class='ocrx_word' id='word_1_783' title='bbox 2548 4985 2667 5048; x_wconf 90' lang='lat' dir='ltr'><strong>ille,</strong></span> <span class='ocrx_word' id='word_1_784' title='bbox 2700 4995 2747 5037; x_wconf 89' lang='lat' dir='ltr'><strong>et</strong></span> <span class='ocrx_word' id='word_1_785' title='bbox 2774 4982 2936 5052; x_wconf 88' lang='lat' dir='ltr'><strong>Syrus</strong></span> <span class='ocrx_word' id='word_1_786' title='bbox 2976 4994 3024 5036; x_wconf 90' lang='lat' dir='ltr'><strong>et</strong></span> <span class='ocrx_word' id='word_1_787' title='bbox 3064 4985 3406 5054; x_wconf 81' lang='lat' dir='ltr'><strong>Symmachus</strong></span> 
     </span>
    </p>
   </div>
   <div class='ocr_carea' id='block_1_113' title="bbox 1877 5075 3405 5144">
    <p class='ocr_par' dir='ltr' id='par_1_113' title="bbox 1877 5075 3405 5144">
     <span class='ocr_line' id='line_1_113' title="bbox 1877 5075 3405 5144; baseline 0.002 -18"><span class='ocrx_word' id='word_1_788' title='bbox 1877 5076 1931 5126; x_wconf 86' lang='lat' dir='ltr'><strong>in</strong></span> <span class='ocrx_word' id='word_1_789' title='bbox 1965 5075 2271 5143; x_wconf 85' lang='lat' dir='ltr'><strong>genealogiis</strong></span> <span class='ocrx_word' id='word_1_790' title='bbox 2320 5084 2522 5126; x_wconf 88' lang='lat' dir='ltr'><strong>centum</strong></span> <span class='ocrx_word' id='word_1_791' title='bbox 2548 5090 2708 5127; x_wconf 81' lang='lat' dir='ltr'><strong>annos</strong></span> <span class='ocrx_word' id='word_1_792' title='bbox 2752 5075 2920 5125; x_wconf 88' lang='lat' dir='ltr'><strong>minus</strong></span> <span class='ocrx_word' id='word_1_793' title='bbox 2948 5090 3145 5142; x_wconf 87' lang='lat' dir='ltr'><strong>semper</strong></span> <span class='ocrx_word' id='word_1_794' title='bbox 3169 5088 3405 5144; x_wconf 87' lang='lat' dir='ltr'><strong>ponunt;</strong></span> 
     </span>
    </p>
   </div>
   <div class='ocr_carea' id='block_1_114' title="bbox 1875 5161 3405 5231">
    <p class='ocr_par' dir='ltr' id='par_1_114' title="bbox 1875 5161 3405 5231">
     <span class='ocr_line' id='line_1_114' title="bbox 1875 5161 3405 5231; baseline 0.001 -14"><span class='ocrx_word' id='word_1_795' title='bbox 1875 5164 2091 5231; x_wconf 74' lang='lat' dir='ltr'><strong>exempli</strong></span> <span class='ocrx_word' id='word_1_796' title='bbox 2120 5180 2277 5217; x_wconf 83' lang='lat' dir='ltr'><strong>causa</strong></span> <span class='ocrx_word' id='word_1_797' title='bbox 2301 5166 2545 5231; x_wconf 85' lang='lat' dir='ltr'><strong>scriptum</strong></span> <span class='ocrx_word' id='word_1_798' title='bbox 2580 5172 2653 5215; x_wconf 86' lang='lat' dir='ltr'><strong>est</strong></span> <span class='ocrx_word' id='word_1_799' title='bbox 2687 5163 2739 5213; x_wconf 88' lang='lat' dir='ltr'><strong>in</strong></span> <span class='ocrx_word' id='word_1_800' title='bbox 2770 5161 2916 5214; x_wconf 79' lang='lat' dir='ltr'><strong>LXX</strong></span> <span class='ocrx_word' id='word_1_801' title='bbox 2940 5165 3074 5231; x_wconf 85' lang='lat' dir='ltr'><strong>quod</strong></span> <span class='ocrx_word' id='word_1_802' title='bbox 3089 5164 3253 5217; x_wconf 83' lang='lat' dir='ltr'><strong>Adam</strong></span> <span class='ocrx_word' id='word_1_803' title='bbox 3271 5182 3405 5219; x_wconf 90' lang='lat' dir='ltr'><strong>anno</strong></span> 
     </span>
    </p>
   </div>
   <div class='ocr_carea' id='block_1_115' title="bbox 1877 5251 3402 5323">
    <p class='ocr_par' dir='ltr' id='par_1_115' title="bbox 1877 5251 3402 5323">
     <span class='ocr_line' id='line_1_115' title="bbox 1877 5251 3402 5323; baseline -0.001 -15"><span class='ocrx_word' id='word_1_804' title='bbox 1877 5257 1992 5308; x_wconf 72' lang='lat' dir='ltr'><strong>vitta</strong></span> <span class='ocrx_word' id='word_1_805' title='bbox 2019 5269 2188 5307; x_wconf 70' lang='lat' dir='ltr'><strong>coit-xx</strong></span> <span class='ocrx_word' id='word_1_806' title='bbox 2217 5255 2443 5323; x_wconf 87' lang='lat' dir='ltr'><strong>genuerit</strong></span> <span class='ocrx_word' id='word_1_807' title='bbox 2472 5251 2595 5305; x_wconf 87' lang='lat' dir='ltr'><strong>Seth</strong></span> <span class='ocrx_word' id='word_1_808' title='bbox 2617 5268 2637 5314; x_wconf 89' lang='lat'><strong><em>;</em></strong></span> <span class='ocrx_word' id='word_1_809' title='bbox 2673 5251 2746 5303; x_wconf 87' lang='lat' dir='ltr'><strong>ibi</strong></span> <span class='ocrx_word' id='word_1_810' title='bbox 2790 5252 3035 5306; x_wconf 77' lang='lat' dir='ltr'><strong>llebrteus</strong></span> <span class='ocrx_word' id='word_1_811' title='bbox 3063 5269 3199 5307; x_wconf 78' lang='lat' dir='ltr'><strong>cxxx</strong></span> <span class='ocrx_word' id='word_1_812' title='bbox 3231 5255 3402 5308; x_wconf 84' lang='lat' dir='ltr'><strong>habet.</strong></span> 
     </span>
    </p>
   </div>
   <div class='ocr_carea' id='block_1_116' title="bbox 1879 5324 3404 5409">
    <p class='ocr_par' dir='ltr' id='par_1_116' title="bbox 1879 5324 3404 5409">
     <span class='ocr_line' id='line_1_116' title="bbox 1879 5324 3404 5409; baseline 0 -12"><span class='ocrx_word' id='word_1_813' title='bbox 1879 5345 2007 5397; x_wconf 85' lang='lat' dir='ltr'><strong>Illos</strong></span> <span class='ocrx_word' id='word_1_814' title='bbox 2035 5353 2206 5397; x_wconf 88' lang='lat' dir='ltr'><strong>autem</strong></span> <span class='ocrx_word' id='word_1_815' title='bbox 2228 5352 2431 5395; x_wconf 84' lang='lat' dir='ltr'><strong>centum</strong></span> <span class='ocrx_word' id='word_1_816' title='bbox 2458 5324 2621 5393; x_wconf 76' lang='lat' dir='ltr'><strong>annos</strong></span> <span class='ocrx_word' id='word_1_817' title='bbox 2662 5340 2877 5409; x_wconf 76' lang='lat' dir='ltr'><strong>reliquis</strong></span> <span class='ocrx_word' id='word_1_818' title='bbox 2895 5342 3081 5394; x_wconf 81' lang='lat' dir='ltr'><strong>Adami</strong></span> <span class='ocrx_word' id='word_1_819' title='bbox 3102 5345 3221 5396; x_wconf 71' lang='lat' dir='ltr'><strong>vitta</strong></span> <span class='ocrx_word' id='word_1_820' title='bbox 3256 5346 3404 5397; x_wconf 80' lang='lat' dir='ltr'><strong>annis</strong></span> 
     </span>
    </p>
   </div>
   <div class='ocr_carea' id='block_1_117' title="bbox 1879 5428 3406 5500">
    <p class='ocr_par' dir='ltr' id='par_1_117' title="bbox 1879 5428 3406 5500">
     <span class='ocr_line' id='line_1_117' title="bbox 1879 5428 3406 5500; baseline 0.001 -15"><span class='ocrx_word' id='word_1_821' title='bbox 1879 5433 2134 5500; x_wconf 85' lang='lat' dir='ltr'><strong>adiungit.</strong></span> <span class='ocrx_word' id='word_1_822' title='bbox 2156 5430 2346 5483; x_wconf 80' lang='lat' dir='ltr'><strong>Mirum</strong></span> <span class='ocrx_word' id='word_1_823' title='bbox 2368 5437 2543 5482; x_wconf 89' lang='lat' dir='ltr'><strong>autem</strong></span> <span class='ocrx_word' id='word_1_824' title='bbox 2571 5428 2621 5480; x_wconf 92' lang='lat' dir='ltr'><strong>in</strong></span> <span class='ocrx_word' id='word_1_825' title='bbox 2646 5430 2953 5483; x_wconf 85' lang='lat' dir='ltr'><strong>recensione</strong></span> <span class='ocrx_word' id='word_1_826' title='bbox 2981 5445 3162 5483; x_wconf 85' lang='lat' dir='ltr'><strong>eorum</strong></span> <span class='ocrx_word' id='word_1_827' title='bbox 3185 5435 3275 5500; x_wconf 90' lang='lat' dir='ltr'><strong>qui</strong></span> <span class='ocrx_word' id='word_1_828' title='bbox 3303 5432 3406 5486; x_wconf 80' lang='lat' dir='ltr'><strong>He-</strong></span> 
     </span>
    </p>
   </div>
   <div class='ocr_carea' id='block_1_118' title="bbox 1880 5519 3404 5586">
    <p class='ocr_par' dir='ltr' id='par_1_118' title="bbox 1880 5519 3404 5586">
     <span class='ocr_line' id='line_1_118' title="bbox 1880 5519 3404 5586; baseline -0.003 -9"><span class='ocrx_word' id='word_1_829' title='bbox 1880 5523 2115 5577; x_wconf 85' lang='lat' dir='ltr'><strong>braicum</strong></span> <span class='ocrx_word' id='word_1_830' title='bbox 2146 5529 2346 5574; x_wconf 84' lang='lat' dir='ltr'><strong>textum</strong></span> <span class='ocrx_word' id='word_1_831' title='bbox 2385 5519 2437 5572; x_wconf 91' lang='lat' dir='ltr'><strong>in</strong></span> <span class='ocrx_word' id='word_1_832' title='bbox 2466 5532 2730 5571; x_wconf 89' lang='lat' dir='ltr'><strong>annorum</strong></span> <span class='ocrx_word' id='word_1_833' title='bbox 2789 5521 2991 5574; x_wconf 85' lang='lat' dir='ltr'><strong>calculo</strong></span> <span class='ocrx_word' id='word_1_834' title='bbox 3031 5526 3198 5572; x_wconf 87' lang='lat' dir='ltr'><strong>secuti</strong></span> <span class='ocrx_word' id='word_1_835' title='bbox 3241 5530 3404 5586; x_wconf 91' lang='lat' dir='ltr'><strong>sunt,</strong></span> 
     </span>
    </p>
   </div>
   <div class='ocr_carea' id='block_1_119' title="bbox 1878 5608 3407 5683">
    <p class='ocr_par' dir='ltr' id='par_1_119' title="bbox 1878 5608 3407 5683">
     <span class='ocr_line' id='line_1_119' title="bbox 1878 5608 3407 5683; baseline -0.006 -16"><span class='ocrx_word' id='word_1_836' title='bbox 1878 5613 2175 5677; x_wconf 71' lang='lat' dir='ltr'><strong>Hebraeum,</strong></span> <span class='ocrx_word' id='word_1_837' title='bbox 2206 5612 2398 5681; x_wconf 88' lang='lat' dir='ltr'><strong>Syrum</strong></span> <span class='ocrx_word' id='word_1_838' title='bbox 2431 5620 2484 5666; x_wconf 91' lang='lat' dir='ltr'><strong>et</strong></span> <span class='ocrx_word' id='word_1_839' title='bbox 2511 5610 2884 5683; x_wconf 87' lang='lat' dir='ltr'><strong>Symmachum</strong></span> <span class='ocrx_word' id='word_1_840' title='bbox 2916 5608 3218 5666; x_wconf 87' lang='lat' dir='ltr'><strong>memorari,</strong></span> <span class='ocrx_word' id='word_1_841' title='bbox 3243 5609 3407 5673; x_wconf 82' lang='lat' dir='ltr'><strong>Aqui-</strong></span> 
     </span>
    </p>
   </div>
   <div class='ocr_carea' id='block_1_120' title="bbox 1880 5692 3370 5772">
    <p class='ocr_par' dir='ltr' id='par_1_120' title="bbox 1880 5692 3370 5772">
     <span class='ocr_line' id='line_1_120' title="bbox 1880 5692 3370 5772; baseline -0.009 -15"><span class='ocrx_word' id='word_1_842' title='bbox 1880 5704 1981 5757; x_wconf 82' lang='lat' dir='ltr'><strong>lam</strong></span> <span class='ocrx_word' id='word_1_843' title='bbox 2017 5715 2140 5755; x_wconf 89' lang='lat' dir='ltr'><strong>vero</strong></span> <span class='ocrx_word' id='word_1_844' title='bbox 2176 5700 2265 5752; x_wconf 72' lang='grc' dir='ltr'><strong>τὸν</strong></span> <span class='ocrx_word' id='word_1_845' title='bbox 2292 5699 2596 5754; x_wconf 71' lang='grc' dir='ltr'><strong>δουλεύοντα</strong></span> <span class='ocrx_word' id='word_1_846' title='bbox 2626 5705 2689 5772; x_wconf 78' lang='grc' dir='ltr'><strong>τῇ</strong></span> <span class='ocrx_word' id='word_1_847' title='bbox 2736 5697 2988 5771; x_wconf 74' lang='grc' dir='ltr'><strong>Ἑᾶραῐκῇ</strong></span> <span class='ocrx_word' id='word_1_848' title='bbox 3012 5692 3149 5759; x_wconf 77' lang='grc' dir='ltr'><strong>λέξει</strong></span> <span class='ocrx_word' id='word_1_849' title='bbox 3180 5701 3370 5760; x_wconf 60' lang='lat' dir='ltr'><strong>prietes</strong></span> 
     </span>
    </p>
   </div>
  </div>
