3878 6462
464 368 528 425 81
1788 360 2295 417 ΡΒᾸΖΙΛΜΙΝΑΒΙΑ

468 483 626 549 mitti,
653 483 743 551 qui
775 462 974 550 utique,
1008 490 1065 535 ut
1099 479 1417 536 Hebraicum
1466 497 1674 551 semper
1719 483 1997 550 scrupuln-
2025 487 2069 540 Α
2097 491 2150 533 et
2181 476 2430 548 loquendi
2480 474 2711 526 rationes
2746 467 3041 536 deligeret,
3079 472 3217 551 qua?
3264 467 3732 551 mf‘i‘}f¢'"_q

468 574 581 628 sius
608 587 765 641 quam
795 572 966 624 caeteri
1010 582 1225 627 secutus
1254 583 1356 637 est,
1387 573 1735 626 in'annorum
1780 572 1999 625 calculis

467 663 641 730 ipsum
665 674 771 713 non
804 658 1105 714 deseruisse
1139 661 1405 728 putandus
1430 668 1527 714 est.
1572 658 1675 713 Sed
1700 659 1781 712 vel
1809 660 2000 727 Aquila

466 752 520 804 in
550 749 860 804 recensione
886 749 974 802 illa
1006 750 1220 805 Eusebii
1248 749 1481 803 Emiseni
1500 750 1838 803 librariorum
1872 749 2000 801 vitio

463 839 735 902 exciderit,
756 840 834 893 vel
854 840 977 907 quia
997 839 1271 894 Hebraeum
1295 855 1503 908 semper
1522 840 1764 907 sequitur
1785 839 1997 907 Aquila,

464 929 637 997 ipsum
666 943 771 983 non
813 931 1220 983 memorandum
1258 945 1377 984 csse
1407 931 1693 993 censuerit,
1723 931 1864 997 quod
1896 945 1995 997 pu-

464 1028 599 1071 taret
635 1019 767 1071 satis
795 1034 915 1072 esse
961 1019 1242 1074 Hebraeum
1276 1020 1563 1083 nominari,
1601 1030 1656 1073 ut
1693 1021 1868 1073 statim
1911 1036 1999 1074 se—

461 1116 717 1177 queretur
736 1109 981 1177 Aquilam
1005 1111 1191 1164 eodem
1234 1111 1394 1163 modo
1424 1111 1667 1173 vertisse,
1695 1121 1878 1178 utpote
1905 1111 1998 1178 qui

464 1198 667 1253 Hebraei
703 1214 911 1268 semper
944 1201 1180 1269 vestigiis
1221 1201 1438 1255 haereat.
1482 1200 1741 1254 Praeterea
1776 1215 1879 1253 non
1918 1200 2001 1252 in-

463 1290 642 1342 solens
674 1298 754 1342 est
782 1298 988 1343 veteres
1019 1291 1159 1356 illos,
1186 1291 1346 1344 etiam
1399 1291 1489 1343 ubi
1516 1290 1621 1344 duo
1668 1291 1751 1343 vel
1785 1300 1892 1343 tres
1919 1290 2000 1342 in-

460 1386 716 1447 terpretes
748 1381 985 1433 eamdem
1014 1381 1182 1448 ipsam
1212 1381 1487 1434 lectionem
1508 1380 1809 1448 praeferunt,
1834 1395 1996 1432 unum

462 1477 670 1520 tantum
710 1484 774 1521 ex
804 1470 907 1522 illis
936 1484 1354 1524 commemorare
1379 1510 1392 1533 ,
1421 1480 1477 1524 ut
1504 1470 1798 1524 sexcenties
1831 1470 1881 1521 in
1910 1470 2000 1522 dc-

460 1574 621 1612 cursu
653 1559 813 1626 hujus
838 1562 1014 1628 operis
1048 1562 1455 1615 animadvertes.
1494 1560 1644 1626 Quod
1667 1562 1731 1613 ad
1756 1559 2001 1613 Theodo-

462 1647 659 1700 tionem
708 1664 835 1702 vero
868 1660 1091 1719 spectat,
1129 1651 1417 1705 verisimile
1465 1661 1547 1705 est
1585 1653 1759 1720 ipsum
1811 1652 1863 1704 in
1906 1668 1999 1720 ge-

460 1735 734 1805 nealogiis,
778 1746 836 1790 ut
864 1748 915 1792 et
937 1740 1064 1793 alibi
1097 1738 1544 1809 frequentissime,
1563 1739 1700 1791 LXX
1736 1740 1997 1808 Interpre-

458 1835 571 1880 tum
602 1826 885 1884 lcetionem
915 1838 1154 1884 secutum
1188 1846 1342 1894 esse;
1393 1844 1516 1883 nam
1549 1828 1669 1882 ideo
1713 1838 1832 1897 post
1858 1829 1991 1882 LXX
2031 1798 2070 1850 Β

456 1926 510 1971 ct
534 1919 687 1986 quasi
721 1920 786 1973 ab
807 1922 998 1988 Aquila
1026 1932 1077 1975 et
1102 1921 1422 1991 Symmacho
1451 1929 1777 1989 segregatus,
1808 1922 1859 1972 in
1892 1919 1995 1974 ile-

456 2008 629 2075 xaplis
647 2008 822 2062 locum
848 2009 1109 2074 habebat;
1137 2010 1349 2079 quiailli
1375 2008 1715 2070 Hebraicum,
1738 2009 1825 2063 hic
1860 2008 1996 2061 LXX

458 2094 773 2164 lnterpretes
811 2100 963 2167 sequi
1013 2099 1236 2152 solebat.
1269 2099 1623 2168 Symmachus
1667 2098 1846 2165 itaque
1893 2098 1997 2153 He—

458 2188 654 2239 breum
690 2187 901 2255 quidem
932 2188 1173 2256 sequitur
1209 2199 1266 2241 ut
1296 2188 1488 2257 Aquila
1534 2202 1548 2239 :
1590 2188 1681 2240 sed
1730 2188 1801 2240 ita
1830 2195 1884 2240 ut
1912 2188 2000 2242 hic

458 2275 689 2329 litteram
720 2276 883 2328 nimia
916 2290 1054 2344 saepe
1104 2277 1359 2345 religione
1402 2275 1700 2345 exprimere
1754 2275 1997 2341 studeat;

459 2364 545 2417 ille
576 2379 701 2418 vero
726 2365 798 2418 ita
829 2363 1103 2419 Hebraicis
1133 2365 1348 2426 haereat,
1390 2373 1447 2418 ut
1485 2364 1761 2433 elegantia:
1798 2373 1852 2418 et
1872 2379 1996 2432 per-

458 2453 755 2521 spicuitatis
783 2455 1043 2508 rationem
1073 2454 1268 2509 habere
1289 2455 1549 2509 videatur.

546 2543 633 2597 Vl.
673 2544 803 2613 Ejus
832 2545 991 2598 editio
1018 2563 1049 2599 a
1080 2546 1327 2599 veteribus
1358 2546 1636 2599 admodum
1668 2547 1908 2602 laudata.

535 2629 680 2686 Hanc
711 2634 831 2703 styli
870 2633 1185 2702 elegantiam
1215 2645 1268 2688 et
1295 2636 1592 2690 claritatem
1638 2638 1839 2705 passim
1882 2639 1999 2691 lau-

462 2720 591 2774 dant
619 2719 996 2792 Hieronymus,
1029 2722 1291 2779 Eusebius
1323 2725 1552 2793 aliique;
1581 2741 1809 2794 quorum
1855 2728 2001 2795 prior

461 2808 580 2876 ejus
615 2809 1080 2876 interpretationes
1127 2812 1432 2878 frequenter
1460 2812 1755 2865 admiratur
1784 2823 1837 2867 et
1881 2814 1999 2866 lau-

464 2896 622 2951 dibus
653 2898 887 2961 extollit,
942 2907 999 2952 ut
1029 2900 1313 2953 Comment.
1342 2901 1395 2952 in
1444 2902 1632 2969 psalm.
1677 2916 1789 2966 XXl,
1825 2917 1878 2955 v.
1909 2903 1998 2964 5i,

463 2987 784 3057 σαφέστερον
816 2988 843 3038 ὁ
876 2988 1164 3058 Σύμμαχος
1187 3027 1201 3051 ,
1231 2991 1422 3043 clarius
1456 2989 1794 3059 Symmachus
1818 3033 1832 3056 ,
1864 3001 1923 3045 ut
1949 3003 2002 3047 et

462 3089 601 3174 saepe
627 3076 753 3129 alibi
777 3094 790 3140 ;
819 3085 870 3130 et
903 3093 1055 3131 versu
1088 3080 1361 3147 sequenti,
1393 3081 1594 3151 σφόδρα
1624 3081 1945 3152 θαυμαστῶς
1972 3086 1999 3137 ὁ
2025 3118 2068 3174 C

462 3160 780 3231 Σύμμαχος,
843 3165 1121 3217 admodum
1170 3166 1480 3221 mirabiliter
1532 3168 1906 3238 Symmachus;
1947 3182 2000 3226 et.

464 3251 650 3317 psaltn.
704 3268 858 3317 XLVI,
914 3253 1013 3315 10,
1067 3254 1237 3318 οὕτως
1278 3258 1580 3326 ἡρμήνευσε
1622 3259 1942 3330 θαυμαστῶς
1972 3264 1999 3314 ὁ

462 3337 784 3408 Σύμμαχος,
820 3341 897 3392 ita
927 3342 1237 3395 mirabiliter
1261 3345 1627 3413 interpretatus
1659 3360 1734 3402 est
1767 3348 2003 3418 Symma-

462 3428 606 3482 chus.
641 3428 993 3499 Hieronymus
1020 3448 1148 3485 vero
1174 3434 1239 3486 de
1268 3433 1586 3504 Symmacho
1616 3440 1838 3508 loquens
1893 3440 2000 3495 fre-

463 3529 690 3590 quenter
725 3521 886 3587 dicit,
932 3538 1054 3576 eum
1101 3525 1338 3592 apertius
1380 3535 1433 3580 et
1473 3528 1803 3585 manifestius
1837 3531 2000 3585 inter-

464 3617 725 3677 pretatum
754 3626 892 3666 esse.
924 3612 989 3665 Et
1017 3613 1398 3667 Commentario
1427 3615 1479 3667 in
1509 3616 1662 3669 Amos
1698 3634 1778 3681 ιιι,
1811 3619 1896 3684 Η,
1924 3621 1999 3674 ait

467 3698 843 3769 Symmachum
881 3719 983 3757 non
1015 3706 1186 3758 solere
1215 3706 1497 3759 verborum
1523 3707 1869 3778 κακοζηλίαν,
1904 3710 1997 3764 sed

464 3791 825 3860 intelligentia:
850 3795 1090 3848 ordinem
1123 3796 1295 3863 sequi.

588 3879 695 3933 VII.
742 3881 1004 3937 Theodoro
1036 3884 1353 3938 Heracleotes
1379 3901 1477 3938 non
1505 3887 1583 3938 ita
1611 3885 1877 3955 probatur.

532 3967 729 4024 Verum
753 4013 767 4036 ,
820 3984 879 4027 ut
919 3975 1129 4027 variant
1159 3975 1456 4042 opiniones,
1493 3973 1802 4028 Theodorus
1836 3973 1997 4028 Hera-

459 4058 658 4119 eleotes
681 4103 695 4125 ,
731 4063 812 4118 vir
837 4063 1032 4134 ingenii
1063 4063 1465 4131 perspicacitate
1497 4079 1657 4131 quam
1706 4064 1825 4116 tidei
1862 4064 1998 4117 inte-

461 4156 651 4221 gritate
684 4155 944 4217 nobilior,
982 4154 1035 4207 in
1067 4152 1363 4223 fragmento
1408 4154 1549 4221 quod
1583 4154 1720 4206 infra
1751 4151 1993 4217 edemus,

462 4241 837 4294 animadvertit
857 4280 871 4303 ,
898 4241 1298 4306 Symmachum,
1328 4240 1454 4293 dum
1487 4240 1664 4292 nimiae
1696 4239 1996 4306 perspicui-

461 4330 557 4383 tati
582 4331 778 4387 studet.
805 4346 834 4383 a
860 4344 987 4383 vero
1017 4328 1256 4384 Hebraici
1293 4345 1454 4385 sensu
1489 4344 1592 4383 non
1625 4328 1991 4397 inirequenter

2098 569 2214 621 dem
2250 540 2678 635 perspicuitatem
2715 557 3070 628 praaferrent,
3111 545 3218 602 sed
3256 542 3330 635 ad
3367 540 3742 635 Hebr-aia

2099 673 2202 712 non
2231 633 2301 711 ita
2334 656 2675 724 quadrarent.
2723 648 2800 700 Ad
2831 648 2944 699 haec
2974 648 3172 724 autem
3199 673 3216 698 ,
3272 633 3739 724 similitudini

2097 746 2291 814 quibus
2324 720 2559 795 abundat
2601 736 2856 790 liebraica
2890 732 3107 798 lingua,
3141 720 3624 814 Symmachus
3663 737 3753 774 sa

2097 810 2153 887 in
2179 834 2421 887 versione
2447 845 2542 884 sua
2576 843 2681 881 non
2712 820 3015 892 expressit;
3044 816 3254 883 sicque
3284 810 3681 863 dictorum
3716 827 3760 862 γ

2096 933 2147 977 et
2169 921 2463 990 emphasim
2504 915 2794 977 enervavit,
2832 920 2891 964 ut
2922 924 3053 964 cum
3080 946 3097 972 ,
3133 901 3306 990 verbi
3327 916 3629 990 causa,
3688 902 3766 953 ill

2096 988 2287 1083 psalm.
2339 1026 2513 1073 vatt,
2565 1008 2653 1071 5|,
2686 1011 2893 1062 rat-nan
2932 1008 3089 1060 τιητ,
3145 1010 3178 1046 ³
3216 988 3379 1083 ιΧξί
3458 988 3774 1083 “uel!”

2097 1080 2239 1158 tibus
2282 1103 2358 1156 sic
2409 1113 2751 1167 expressum,
2797 1096 2833 1163 ἡ
2886 1085 3196 1155 συναγωγὴ
3272 1080 3406 1133 τὼν
3504 1081 3776 1152 ταύρω

2097 1193 2418 1263 congregatio
2450 1200 2738 1244 taurorum.
2769 1180 3169 1252 Symmachus,
3208 1171 3476 1240 συνόδῳ
3531 1188 3784 1241 παμμ

2096 1285 2299 1355 γεθῶν,
2332 1280 2713 1350 congregationi
2744 1271 3151 1344 praegrandium
3178 1306 3194 1330 ,
3246 1264 3463 1317 vertit
3497 1305 3521 1329 ,
3581 1275 3676 1317 ut,
3725 1267 3786 1318 cl

2096 1377 2209 1430 rius
2259 1390 2367 1427 rem
2411 1372 2776 1439 exprimeret:
2832 1374 2885 1417 et
2925 1362 3007 1415 sic
3052 1355 3615 1412 similitudiucln
3675 1357 3792 1407 ill;

2098 1465 2352 1524 abstulit,
2401 1476 2517 1530 quae
2562 1474 2684 1512 cum
2734 1454 3028 1525 quamdam
3092 1447 3447 1516 ἐνέργειαν
3537 1449 3794 1499 0rati<

2099 1557 2333 1618 inderet,
2382 1551 2511 1604 nihil
2553 1558 2728 1601 tamen
2761 1542 2945 1597 sensui
2983 1537 3299 1592 oliiciebat.
3365 1532 3581 1588 Hanc
3638 1534 3794 1589 Tlu

2097 1648 2261 1700 dorus
2302 1644 2674 1703 Heracleotes,
2705 1637 2797 1705 qui
2832 1632 2975 1687 aliud
3012 1628 3338 1694 sintilcque
3413 1630 3798 1698 exculpit

2098 1752 2158 1788 ex
2190 1734 2372 1787 eodem
2402 1733 2644 1801 psalmo,
2676 1730 2728 1795 ᾖ.
2758 1725 2826 1777 54
2846 1764 2860 1788 ,
2894 1721 2988 1774 ubi
3022 1718 3115 1771 illa
3150 1714 3339 1768 verba
3390 1723 3659 1774 ’ωε
3696 1731 3794 1776 3;

2097 1832 2370 1909 :t'rp-vm
2419 1819 2555 1873 LXX
2604 1825 2856 1879 vertunt,
2907 1812 2986 1881 τῷ
3022 1806 3458 1909 ὲπιῃόῑτὸηκὸτῗ
3535 1809 3687 1860 ἐπὶ
3773 1826 3792 1855 τ

2095 1897 2316 1983 οὐρανὸν
2362 1910 2453 1962 τοῦ
2492 1905 2719 1977 οὐρανοῦ
2772 1903 2911 1956 κατὰ
2942 1897 3263 1958 ἀνατολὰς,
3311 1897 3456 1962 qui
3535 1912 3782 1948 ascen

2095 2020 2247 2071 super
2290 2003 2471 2055 coelum
2515 2000 2629 2052 creti
2663 1998 2729 2050 ad
2776 1997 3065 2051 orientem;
3105 1988 3610 2059 Symmachus
3682 2004 3798 2040 vet

2095 2095 2170 2165 τῷ
2220 2092 2559 2163 ἐποχουμένῳ
2607 2090 2696 2141 ἐπὶ
2746 2086 2834 2138 τὸν
2883 2083 3117 2157 οὐρανὸν
3177 2080 3285 2131 τοῦ
3347 2080 3449 2131 οὐ
3467 2080 3729 2148 pavo-3

2098 2186 2344 2257 πρώτης,
2373 2183 2460 2250 qui
2494 2181 2696 2233 vehitur
2720 2193 2873 2244 super
2901 2173 3092 2226 caelum
3131 2171 3261 2223 curti
3290 2185 3389 2223 ea:
3432 2171 3748 2239 prima.

2165 2277 2319 2343 Quod
2350 2276 2414 2329 ad
2460 2274 2691 2342 primum
2729 2277 2909 2322 autem
2943 2264 3279 2331 exemplum
3325 2264 3644 2316 attinet
3668 2302 3692 2326 ,
3753 2281 3797 2314 ιι

2097 2369 2280 2423 dubito
2330 2366 2526 2418 multos
2571 2361 2688 2414 fore
2734 2358 2826 2427 qui
2876 2352 3207 2425 Symmachi
3270 2361 3569 2421 partes
3647 2368 3806 2406 sus,

2098 2460 2285 2527 piant:
2315 2470 2436 2527 nam
2468 2461 2606 2510 ﬁuit
2638 2463 2778 2518 saepe
2821 2445 3037 2516 ἰσχυρὸς
3085 2443 3263 2511 fortis
3302 2444 3443 2496 vel
3509 2443 3802 2495 δυνάστ

2097 2526 2272 2617 potens
2302 2526 2461 2600 etiam
2491 2559 2518 2596 a
2550 2539 2688 2594 LXX
2730 2534 3126 2604 lnterpretibus
3155 2534 3485 2586 vertitur
3516 2551 3540 2597 ;
3610 2535 3806 2586 rari!

2098 2638 2326 2706 ταῦρος,
2363 2647 2589 2688 taurus:
2621 2635 2723 2685 hoc
2768 2637 2946 2682 autem
2992 2625 3118 2678 loco
3159 2623 3701 2695 Hieronymus
3755 2626 3804 2693 ft

2101 2731 2229 2781 tium
2265 2729 2661 2794 interpretatur,
2691 2720 2941 2788 Aquilam
2980 2716 3123 2769 forte
3161 2726 3491 2771 secutus
3533 2708 3577 2782 ,’
3608 2718 3732 2770 uti
3780 2734 3806 2771 s

2099 2819 2172 2870 let
2199 2817 2251 2868 in
2279 2814 2524 2868 Psalmis.
2557 2810 2709 2876 Quod
2742 2810 2806 2862 ad
2836 2805 3144 2860 secundum
3172 2820 3364 2858 vero
3408 2808 3806 2875 exemplar

2102 2904 2270 2958 fateor
2302 2903 2429 2955 mihi
2462 2900 2619 2953 etiam
2642 2938 2655 2959 ,
2687 2897 2912 2966 perinde
2945 2907 3109 2963 atque
3142 2894 3571 2952 Tlieoduro
3611 2938 3633 2962 ,
3678 2912 3806 2950 acc

2100 2994 2349 3047 ratiorem
2376 2991 2543 3042 videri
2571 2988 2677 3039 τῶν
2709 2989 2783 3049 0',
2820 3001 2985 3054 quam
3024 2984 3222 3055 Symm
3242 2989 3473 3055 uchi,
3515 2989 3806 3057 interpr

2099 3083 2370 3137 tationem.
2405 3079 2603 3133 Verum
2639 3093 2744 3130 non
2779 3078 2978 3130 desunt
3009 3077 3119 3128 alia
3155 3081 3533 3147 exempla
3584 3096 3683 3133 ex
3722 3094 3806 3148 qu

2104 3173 2203 3227 bus
2241 3180 2494 3240 arguatur
2535 3166 2953 3237 Symmachum,
3001 3164 3136 3218 dum
3198 3171 3764 3241 perspicuitati

2100 3259 2373 3328 elegantiae
2394 3256 2589 3320 studet,
2610 3270 2639 3307 a
2667 3270 2792 3308 vero
2820 3253 3124 3319 Scriptura:
3156 3271 3423 3330 scopo
3472 3262 3806 3315 aberrass

2167 3352 2416 3402 Attamen
2474 3361 2596 3399 vere
2644 3346 2747 3399 diei
2800 3352 2976 3413 potest
3033 3344 3267 3416 Symnx
3298 3354 3578 3408 achum
3643 3352 3806 3422 optit

2099 3439 2397 3507 interpretis
2428 3451 2648 3489 munere
2694 3434 2938 3489 functum
2984 3451 3149 3490 esse:
3185 3446 3379 3501 (εκεὶ
3426 3446 3625 3502 enim
3656 3486 3676 3509 ,
3723 3444 3806 3497 du

2099 3531 2296 3584 claram
2323 3527 2622 3595 exprimere
2661 3526 2987 3580 sententiam
3018 3527 3303 3605 nititur‘
3353 3556 3397 3595 ει
3454 3554 3632 3595 νει-ο
3669 3553 3792 3590 seu

2099 3632 2481 3685 nonnunquam
2511 3616 2780 3679 deﬂectat,
2812 3618 2943 3687 quid
2977 3619 3182 3673 mirum
3216 3667 3251 3692 ,
3320 3637 3393 3688 in
3436 3648 3518 3688 re
3565 3630 3792 3686 maxim

2098 3717 2202 3762 tam
2236 3706 2436 3759 ardua?
2464 3704 2597 3769 Quis
2628 3706 2766 3759 adeo
2794 3708 3022 3778 lyneeus
3045 3752 3059 3774 ,
3092 3711 3148 3764 in
3196 3726 3417 3780 tanta
3477 3722 3693 3779 seu-ei
3729 3736 3775 3787 ρ

2097 3795 2433 3865 regrinitate,
2480 3802 2626 3845 tanta
2659 3794 3002 3855 obscuritate
3038 3801 3396 3867 verborum
3432 3852 3452 3877 ,
3507 3816 3766 3879 quanta

2094 3884 2392 3939 innumeris
2440 3883 2492 3935 in
2544 3884 2678 3938 locis
2729 3887 2956 3955 praefert
3004 3892 3353 3958 Hebraicus
3418 3912 3701 3957 textus,

2096 3972 2277 4025 omnia
2306 3986 2519 4038 semper
2550 3984 2811 4030 accurate
2836 3989 2894 4034 ct
2920 3984 3047 4042 sine
3072 3990 3443 4061 sphalmate
3477 3982 3703 4054 possit
3728 3980 3752 4030 i

2094 4060 2417 4129 terpretari?
2445 4062 2499 4114 ld
2532 4072 2682 4147 certe
2714 4067 2986 4133 humanae
3020 4060 3139 4139 non
3173 4096 3334 4143 esse.
3372 4071 3732 4130 facultatis
3760 4083 3774 4103 π

2094 4152 2265 4204 detur.
2300 4152 2568 4207 Caeterum
2599 4153 2988 4226 Symmachus
3035 4175 3170 4236 ideo
3218 4174 3533 4235 fortasse
3577 4154 3769 4212 liberi

2094 4256 2205 4294 rem
2231 4241 2736 4335 elegantior-eatque
2768 4256 3199 4335 interpretandi
3258 4270 3549 4318 num-em
3584 4254 3794 4305 sectat

2094 4340 2196 4436 est,
2363 4334 2594 4436 videbat
2611 4342 2904 4422 Aquilam,
2921 4333 3159 4436 propter
3191 4391 3239 4429 η
3260 4350 3511 4414 imiam
3536 4341 3792 4436 ἁκρίὸει‹

461 4419 760 4474 aberrasse.
783 4420 912 4474 Nam
945 4436 1066 4474 eum
1095 4423 1294 4485 omnia,
1318 4422 1475 4475 etiam
1503 4420 1829 4485 diﬂicillima,
1857 4421 1998 4473 clare
2029 4442 2072 4494 ι)
2099 4430 2152 4476 et
2181 4422 2497 4491 religionem
2531 4472 2548 4498 ,
2586 4434 2710 4506 ipso
2737 4419 3264 4521 Hebrvaico‘tgh-‘l
3313 4460 3485 4522 saepe
3526 4435 3787 4503 ουςευτὶι

460 4510 679 4565 reddere
707 4518 974 4581 satageret
996 4549 1012 4573 ,
1057 4511 1370 4581 plerumque
1396 4512 1570 4567 evenit
1596 4521 1657 4566 ut
1692 4528 1783 4567 eas
1830 4527 1991 4567 voces

2100 4528 2209 4566 rem
2241 4526 2382 4567 esse.

1486 4745 1855 4834 CAPUT
1926 4744 2619 4849 SEPTIMUM.

1580 4919 1670 4978 De
1700 4914 2153 4978 Theod'otionis
2204 4913 2517 4983 editione.

527 5096 565 5148 Ι.
587 5096 703 5156 Quis
724 5093 870 5144 fuerit
889 5097 1177 5148 Theodotio.
1201 5099 1263 5150 Il.
1286 5100 1356 5149 De
1384 5105 1571 5152 ratione
1595 5104 1948 5166 interpretandi
1974 5121 2069 5169 qua
2102 5117 2217 5155 usus
2242 5110 2337 5150 est.
2366 5102 2462 5153 lli.
2490 5109 2723 5175 Caeteris
2750 5131 3132 5201 interpretibus
3157 5156 3267 5204 ιιι
3278 5127 3494 5177 domo“
3515 5120 3745 5170 habetat

853 5207 893 5259 1.
934 5207 1061 5271 Quis
1087 5211 1241 5277 fuerit
1279 5215 1567 5271 Theodotio.

533 5294 852 5359 Theodotio,
883 5295 1079 5364 Sinope
1103 5300 1153 5352 in
1182 5300 1353 5357 Ponto
1381 5306 1660 5370 oriundus,
1680 5305 1992 5362 Marcionita

460 5396 600 5448 erat,
627 5395 685 5439 ιιι
709 5387 783 5439 ait
814 5385 1170 5453 Epiphanius;
1200 5391 1291 5443 sed
1319 5409 1436 5447 cum
1464 5396 1648 5449 haeresi
1679 5411 1789 5450 sua:
1814 5397 1992 5466 ignota

463 5476 620 5529 nobis
664 5473 729 5526 de
761 5488 923 5526 causa
955 5486 1318 5546 succenseret.
1372 5483 1438 5536 ad
1465 5483 1678 5539 Judaeos
1719 5485 1990 5555 confugit,

465 5564 921 5631 circumcisusque
944 5570 1044 5615 est.
1074 5561 1359 5633 Postquam
1399 5587 1513 5627 ;ero
1541 5573 1853 5630 Hebraicam
1891 5576 1993 5629 Iin-

465 5677 621 5732 guam
651 5659 973 5725 edidicisset,
1003 5659 1486 5731 interpretationem
1513 5676 1564 5721 et
1588 5667 1699 5735 ipsc
1721 5681 1871 5729 suam
1899 5680 1991 5735 ag-

2096 5227 2455 5327 iffffi'sfi‘;
2492 5222 2635 5289 Ηίεο
2665 5238 3049 5318 Epiphanius.
3083 5267 3241 5327 Alii
3336 5221 3788 5327 γενονιιέωνθὲ

2097 5306 2821 5420 ῗῗὺζῗὶξξ.ψῗΐὲξ¹θωυεν
2856 5347 3021 5408 aiunt
3044 5306 3273 5420 Elii-tl)"
3328 5334 3479 5385 mam
3506 5324 3668 5420 MS.“

2094 5414 2158 5453 ex
2186 5395 2386 5451 Judaais
2416 5405 2490 5455 ad
2531 5395 2842 5486 Ebionitas
2860 5395 3189 5501 “mihinam?
3218 5395 3271 5412 ν
3304 5464 3361 5487 Α
3388 5422 3524 5481 sive,
3544 5412 3667 5483 quia
3692 5402 3800 5456 Ebit

2095 5489 2215 5521 ηἰισιι
2250 5500 2346 5521 nm
2388 5486 2597 5521 l...l._:,
2665 5513 2676 5521 .
2744 5518 2755 5521 _
3053 5468 3235 5521 ger“?
3361 5513 3373 5521 .
3556 5500 3787 5521 914......"

2095 5486 2612 5609 ἳῖξξξῗιέἱὶῖυῗῗῗ
2665 5486 3800 5609 trahebam...°e{‘.'%1‘9“f“°‘f‘f§““i‘1

2097 5573 2162 5627 ad
2190 5571 2408 5630 Judzeos
2445 5571 3045 5683 εοηΐιιεὶεέεηξιίὲᾉὶέ
3087 5571 3146 5651 ει
3181 5571 3328 5609 (7
3400 5592 3697 5668 ρῑνιιιιιιιιιε,
3734 5574 3806 5646 (lui

2097 5664 2160 5699 ..Α
2199 5663 2486 5699 ιδιιιηηςι..-
2544 5697 2557 5699 _
3050 5649 3161 5696 Crit
3196 5606 3355 5699 Ξ
3755 5676 3799 5699 ,ιι

2096 5664 2161 5719 ad
2197 5663 2489 5730 Ebionitas
2539 5697 2606 5741 se
2637 5663 3172 5791 ςθερρεᾷἷξὶῖἓέζ
3195 5663 3338 5699 ν
3384 5663 3522 5765 ,ζώω
3547 5688 3730 5738 tamen,
3755 5676 3799 5732 «ιι
