3878 6370
130 405 189 461 ’⁵
1386 417 1452 473 lN
1492 419 1767 476 HEXAPL.

1866 420 2176 479 )RIGENIS.
3313 414 3382 466 91

131 535 245 575 eum
278 505 394 607 313M
412 502 730 607 βξίοηίῑθιιξ
764 515 1072 607 appellat,
1117 523 1464 589 Prtel'atione
1513 536 1566 589 in
1602 536 1745 590 ϐοητ-
1780 542 1824 598 Α
1852 536 2214 607 infrequenter
2243 544 2417 589 tamen
2465 549 2528 588 ex
2557 531 2749 602 Aquila
2771 571 2786 596 ,
2837 533 3011 585 rarius
3040 544 3104 584 ex
3135 526 3380 598 Symma-

134 597 538 691 m..f)a_nielis,
563 613 681 691 rem
706 600 766 655 in
798 601 999 663 dubio
1021 615 1363 688 relinquere
1387 627 1613 691 videtur,
1631 641 1749 681 cum

137 698 209 753 ait
239 714 256 751 ι
288 688 381 745 διά
400 689 560 785 juxta
593 688 1067 755 Theodotionem
1117 706 1405 768 Ecclesias
1445 688 1634 785 legere,
1666 717 1754 785 qui

146 790 305 857 ιιὶφιι
335 790 444 875 post
482 782 787 875 adventum
830 785 1073 849 Christi
1123 800 1436 858 incredulus
1466 782 1599 875 fuit,
1637 782 1756 860 licet

155 891 262 964 eam
285 872 480 964 quidam
505 871 694 928 dicant
728 874 1112 953 Ebionitam,
1144 893 1241 959 qui
1272 893 1436 947 altero
1466 871 1642 964 periere
1666 894 1759 948 Ju-

162 963 293 1014 deus
316 971 400 1013 est.
420 963 513 1016 ille
542 978 680 1018 vero
706 982 827 1021 non
856 976 1055 1029 semel
1094 994 1125 1031 a
1158 980 1385 1044 Graecis,
1407 963 1497 1053 qui
1528 986 1578 1037 in
1610 985 1758 1039 Scri—

168 1059 352 1117 pturam
380 1057 784 1111 commentaria
820 1061 1177 1128 ediderunt.
1208 1070 1461 1136 Θεόδοτος
1482 1113 1496 1136 ,
1530 1073 1761 1127 Theodo-

147 1155 238 1206 ιω
283 1142 423 1195 etiam
448 1153 698 1205 vocatur.
736 1159 803 1201 ut
836 1152 1052 1209 videas
1091 1159 1235 1224 psal.
1266 1176 1398 1214 LXIII
1433 1163 1486 1215 in
1522 1164 1679 1226 notis,
1710 1142 1779 1216 et.

119 1227 452 1326 ps’l-LXY,
499 1234 616 1289 sive
662 1237 720 1289 id
777 1238 1019 1296 librarii
1074 1248 1275 1301 mendo
1312 1250 1603 1312 acciderit,
1651 1251 1763 1303 sive

140 1332 399 1394 “(aque
438 1325 757 1382 terminatio
796 1329 857 1382 in
890 1332 1027 1400 ejus
1059 1337 1287 1390 nomine
1315 1339 1548 1392 admissa
1578 1338 1761 1403 fuerit,

183 1421 277 1469 \\a
310 1424 359 1466 ut
373 1415 511 1468 modo
532 1414 823 1480 θεόὃοτος,
848 1422 1029 1475 modo
1054 1424 1348 1480 Θεοδοτίων
1376 1438 1673 1494 vocaretur;
1707 1437 1764 1482 ut

225 1504 493 1578 Ἀσκλήπας
543 1509 712 1561 etiam
750 1511 1106 1583 Ἀσκληπιὸς
1132 1554 1147 1577 ,
1195 1517 1468 1588 Ἰσχύρας,
1508 1520 1762 1589 ’ἰσχύριος

169 1602 229 1646 el
292 1595 544 1666 ἰο-κυρίων
568 1598 1025 1666 appellabantur.
1048 1601 1206 1657 Illum
1227 1615 1403 1658 autem
1427 1607 1761 1662 incredulum

147 1683 382 1752 fui-sse,
412 1704 517 1742 non
545 1699 728 1743 autem
754 1692 1147 1747 Christianum
1176 1695 1476 1752 Ehionitam
1495 1740 1509 1762 ,
1541 1701 1765 1754 suadere

155 1779 409 1833 vitletur
446 1780 824 1849 interpretatio
870 1783 982 1836 loci
1018 1785 1171 1858 illius
1197 1787 1529 1842 celeberrimi
1574 1790 1626 1843 in
1657 1790 1765 1844 Da-

1850 627 1973 693 cho,
1997 624 2316 693 desumpsit.

1920 717 2065 772 Licet
2090 724 2264 770 autem
2291 712 2583 767 Theodotio
2613 708 2752 763 LXX
2778 708 3126 778 interpretum
3160 705 3383 774 vestigio

1853 807 1960 862 fere
1999 821 2205 875 semper
2241 792 2451 865 Intereat,
2490 816 2597 854 non
2648 814 2827 869 parem
2871 812 3044 852 tamen
3095 797 3288 865 ubique
3329 806 3385 850 et

1853 896 1906 949 in
1938 895 2186 948 omnibus
2211 892 2499 961 Scriptura:
2529 890 2681 942 libris
2710 887 3088 955 interpretandi
3122 887 3379 939 rationem

1855 991 2088 1038 sectatus
2123 991 2205 1036 est
2236 1000 2248 1035 :
2288 980 2492 1049 Aquila
2516 979 2656 1032 enim
2699 990 2805 1029 non
2834 991 2955 1029 raro
2984 975 3379 1044 interpretatio-

1858 1086 1977 1125 nem
2008 1074 2255 1141 adOptat,
2290 1079 2348 1124 ut
2396 1070 2448 1121 in
2478 1068 2704 1121 decursu
2750 1065 2907 1133 hujus
2941 1065 3118 1129 operis
3157 1064 3381 1127 videbis,

1857 1161 2067 1230 quando
2120 1169 2334 1214 notatur
2365 1160 2451 1222 A.,
2476 1158 2560 1220 9.,
2608 1165 2765 1224 atque
2797 1156 2953 1208 etiam
2986 1153 3076 1206 ubi
3106 1152 3194 1215 A.,
3217 1153 3299 1214 Σ.,
3320 1150 3380 1204 Θ.

1859 1254 1967 1307 Etsi
2000 1253 2139 1307 enim
2167 1251 2461 1305 Theodotio
2488 1247 2865 1319 Symmachum
2906 1253 3060 1299 aetate
3105 1245 3384 1313 prteccdat,

1858 1343 2119 1411 posterior
2150 1350 2325 1394 tamen
2372 1340 2442 1392 ob
2471 1352 2688 1392 causam
2727 1336 2879 1389 initio
2920 1342 3266 1386 memoratam
3301 1333 3384 1383 lo-

1859 1440 2030 1486 catur.
2074 1430 2255 1498 ltaque
2294 1429 2384 1482 ubi
2437 1429 2523 1490 A.,
2558 1427 2639 1487 Σ.,
2675 1424 2759 1487 Θ.,
2791 1423 3152 1491 praemittitur,
3193 1421 3385 1474 intelli-

1860 1540 1955 1591 gas
1984 1529 2196 1591 oportet
2227 1517 2631 1589 Symmachum,
2666 1515 2755 1568 ubi
2782 1513 3029 1581 Aquilam
3076 1522 3127 1566 et
3151 1511 3391 1565 Theodo-

1862 1616 2055 1668 tionem
2092 1613 2144 1665 in
2168 1611 2419 1665 vertendo
2450 1606 2734 1663 convenire
2762 1605 2914 1668 vidit,
2944 1604 3159 1657 eosdem
3192 1604 3244 1656 in
3278 1602 3391 1656 edi-

1862 1704 2005 1757 tione
2036 1717 2132 1757 sua
2159 1717 2295 1770 saepe
2324 1707 2564 1754 secutum
2594 1711 2732 1750 esse.

1963 1790 2050 1845 lll.
2098 1789 2310 1845 theris
2350 1786 2714 1854 interpretibus
2760 1783 3019 1836 indoctior
3047 1782 3286 1835 habetur.

162 1868 367 1932 male,
432 1885 551 1938 cap.
611 1887 699 1937 ix,
764 1872 872 1935 26,
942 1875 1037 1927 ubi
1104 1874 1359 1930 Hebraica
1426 1879 1584 1933 verba
1641 1889 1767 1934 sunt
1799 1856 1840 1909 Β
1929 1880 2044 1936 Non
2099 1881 2461 1949 infrequenter
2508 1878 2667 1932 etiam
2714 1875 3013 1929 Theodotio
3067 1871 3393 1940 peculiarem

165 1966 360 2059 illa?
382 1969 516 2017 mat
544 1970 720 2019 cum
760 1971 936 2059 tam
956 1974 1192 2028 timum
1218 1976 1398 2031 mum,
1426 1971 1614 2038 Aquila
1638 1988 1762 2027 vero

170 2054 263 2101 sic
312 2054 722 2119 interpretatur,
755 2054 853 2105 καὶ
879 2054 1023 2122 μετὰ
1048 2055 1147 2118 τὰς
1176 2058 1311 2110 ἐπτά
1332 2059 1650 2129 ἑϐδομάδας,
1672 2064 1765 2115 καὶ

169 2138 459 2207 ἐξήκοντα.
487 2140 605 2206 δύο,
636 2142 1166 2213 ὲξολοθρευθήσεται
1200 2146 1552 2218 εἰλειμμένος,
1577 2164 1620 2203 et
1651 2161 1764 2219 post

157 2241 385 2294 septem
412 2232 780 2287 hebdomadas
810 2247 859 2287 et
900 2238 1177 2303 sexaginta
1211 2237 1363 2304 duas,
1397 2243 1764 2296 exterminabi-

156 2328 284 2372 ιι-
308 2332 517 2375 unctus.
554 2321 955 2393 Symmachus.
996 2324 1247 2380 Ebionita
1286 2327 1643 2396 Christianus,
1676 2335 1767 2385 καὶ

154 2410 336 2478 μετὰ
366 2411 467 2474 τὰς
511 2411 829 2482 ἑὸδομάδας
864 2414 1005 2467 ἑπτὰ
1044 2415 1137 2467 καὶ
1174 2416 1431 2487 ἐξήκοντα
1457 2419 1547 2471 δύο
1567 2459 1582 2484 ,
1616 2422 1770 2474 ἐκκο-

156 2502 433 2570 πῆσεται
484 2503 764 2572 Χριστός,
816 2513 865 2555 et
916 2514 1034 2572 post
1078 2505 1424 2561 hebdomadas
1483 2519 1668 2576 septem
1720 2519 1768 2562 et

154 2595 467 2661 magiam
508 2595 652 2645 duas
698 2594 1043 2646 exscindetur
1074 2594 1332 2649 Christus.
1382 2598 1450 2650 At
1481 2597 1768 2653 Theodotio

158 2681 215 2733 in
258 2683 462 2751 signem
510 2685 664 2737 illam
702 2685 774 2738 de
817 2683 1041 2738 Christo
1074 2688 1408 2755 prephetiam
1456 2689 1767 2757 interpreta-

160 2774 357 2827 tione
375 2790 460 2828 sua
487 2785 769 2843 quantum
805 2776 981 2842 potuit
1007 2776 1371 2845 labefactavit,
1392 2788 1444 2831 et
1462 2778 1764 2833 Judaaorum

166 2879 243 2914 ιιι
269 2880 360 2918 ore
406 2867 802 2934 interpretatus
843 2874 928 2919 est
974 2867 1061 2920 his
1104 2868 1318 2929 verbis,
1371 2869 1460 2919 καὶ
1510 2870 1640 2937 μετὰ
1672 2871 1768 2934 τὰς

167 2953 495 3023 laetitia;
559 2955 666 3018 τὰς
743 2955 1015 3025 ἐξήκοντα
1082 2956 1205 3019 δύο,
1278 2957 1771 3029 ὲξολοθρευοήσεται

167 3044 435 3113 χρίσμα,
483 3055 530 3097 et
570 3056 691 3112 post
736 3045 1097 3097 hebdomadas
1139 3047 1410 3113 sexaginta
1443 3048 1573 3099 duas
1601 3060 1766 3100 exter-

175 3136 490 3188 minabitur
536 3138 755 3197 unctio,
805 3137 899 3189 ubi
953 3136 1156 3189 Christi
1205 3146 1256 3189 et
1303 3138 1447 3190 uncti
1479 3147 1531 3190 et
1566 3138 1770 3192 Messian

176 3226 529 3277 mentionem
577 3226 851 3288 sustulit,
887 3225 1013 3277 licet
1047 3234 1210 3283 rrum
1234 3226 1377 3279 clare
1420 3227 1471 3278 in
1510 3225 1768 3281 Hebraico

174 3316 556 3382 exprimatur.
592 3316 664 3368 At
696 3315 990 3376 Ebiunitze,
1023 3315 1124 3365 etsi
1150 3312 1329 3366 Jesum
1358 3330 1463 3367 non
1495 3289 1768 3369 crederent

177 3413 330 3453 esse
356 3402 510 3455 Deum
530 3446 544 3466 ,
591 3405 776 3471 ipsum
816 3411 1000 3453 tamen
1029 3415 1124 3467 pro
1148 3400 1362 3453 Christo
1388 3409 1546 3468 atque
1577 3400 1766 3453 Mcssia

178 3488 219 3540 ll
244 3494 473 3547 ahehant
498 3514 511 3546 :
538 3510 661 3562 quae
694 3509 784 3546 res
824 3491 1195 3559 suspicionem
1251 3491 1535 3543 maximam
1571 3491 1769 3544 inducit

174 3578 387 3646 ipsum
415 3600 520 3637 non
553 3582 897 3642 Eliionitam,
954 3580 1049 3633 sed
1084 3594 1207 3632 vere
1239 3579 1568 3631 incredulum
1598 3587 1650 3631 et
1676 3577 1770 3630 Ju-

177 3669 386 3725 tlaeum
414 3673 597 3727 fuisse.

373 3762 433 3817 11.
477 3764 548 3816 De
575 3765 785 3815 ratione
820 3761 1205 3828 interpretandi
1238 3776 1340 3828 qua
1371 3775 1493 3811 usus
1525 3768 1617 3811 est.

292 3851 576 3908 Theodotio
595 3895 609 3919 ,
639 3864 700 3907 ut
726 3853 842 3921 jam
874 3851 1226 3920 probavimus
1250 3890 1264 3912 ,
1303 3859 1422 3918 post
1454 3848 1692 3918 Aquilam
1718 3859 1771 3902 et

182 3951 344 3996 nale
391 3944 770 4014 Symmachum
825 3941 1324 4009 interpretationem
1375 3954 1563 3996 suam.
1608 3940 1770 4005 impe-

181 4041 374 4088 rante
394 4034 686 4089 Commodo
712 4076 728 4098 ,
764 4035 820 4085 in
866 4033 1045 4085 lucem
1092 4032 1272 4084 emisit
1304 4047 1315 4080 :
1346 4038 1399 4081 et
1444 4029 1495 4080 in
1535 4029 1770 4082 vertendi

180 4127 386 4180 tuodo
422 4143 449 4180 a
496 4126 632 4179 LXX
683 4125 1083 4193 interpretibus
1124 4123 1304 4175 minus
1339 4136 1499 4190 quam
1548 4120 1633 4172 alii
1679 4121 1772 4174 de-

179 4210 399 4281 metit;
455 4219 561 4272 imo
620 4220 791 4270 etiam
845 4213 993 4267 LXX
1040 4213 1336 4280 saepissime
1381 4220 1595 4265 secutus
1646 4221 1765 4263 est:

181 4318 343 4374 (qua:
369 4322 520 4361 causa
552 4308 688 4372 fuit,
721 4314 785 4358 ut
812 4320 936 4358 cum
968 4301 1106 4355 LXX
1138 4303 1452 4363 deficerent,
1482 4301 1622 4368 quod
1667 4299 1772 4353 fre-

188 4409 441 4460 quenter
466 4398 694 4456 accidit.
733 4395 1041 4464 prazsertim
1092 4393 1144 4445 in
1198 4392 1347 4445 libris
1387 4390 1580 4453 Josue,
1625 4389 1772 4443 Judi-

1863 1972 1984 2034 sibi.
2010 1972 2076 2024 ab
2099 1972 2321 2039 aliisque
2347 1970 2593 2023 omnibus
2612 1969 2874 2021 diversam
2902 1962 3393 2031 interpretationem

1863 2063 2121 2116 adornat:
2150 2063 2202 2114 in
2239 2062 2408 2129 iisque
2436 2060 2567 2112 locis
2597 2060 2749 2126 longe
2780 2057 2986 2109 minore
3015 2068 3172 2122 quam
3203 2049 3393 2118 Aquila

1862 2154 1943 2207 vel
1969 2151 2342 2222 Symmachus,
2364 2150 2637 2203 Hebraicaa
2666 2149 2857 2215 linguae
2884 2143 3073 2212 peritia
3102 2142 3399 2194 instructus

1863 2242 2290 2312 deprehenditur.
2325 2240 2455 2293 Nam
2487 2248 2673 2308 praeter
2713 2236 2817 2290 alia
2850 2235 3027 2287 minus
3054 2230 3197 2285 docti
3227 2230 3393 2283 inter-

1864 2333 2031 2401 pretis
2066 2332 2237 2401 signa,
2265 2347 2384 2398 qua:
2411 2329 2617 2383 erudito
2649 2325 2833 2380 lectori
2859 2321 3179 2391 exploranda
3207 2336 3245 2372 r-
3266 2319 3393 2371 mit-

1867 2424 2050 2484 timus,
2087 2420 2438 2490 persaepen'lle
2462 2419 2621 2472 verba
2653 2414 2933 2478 Hebraica,
2965 2424 3193 2480 quorum
3232 2409 3398 2461 inter-

1864 2512 2090 2580 pretatio
2134 2526 2240 2563 non
2292 2511 2363 2563 ita
2396 2508 2620 2561 difﬁcilis
2665 2515 2798 2569 erat,
2844 2512 2903 2557 ut
2943 2500 3179 2556 vertendi
3229 2498 3397 2551 mole-

1867 2602 2021 2656 stiam
2054 2600 2359 2660 declinaret,
2394 2597 2592 2652 Graecis
2630 2596 2822 2649 litteris
2854 2591 3136 2662 expressit,
3168 2585 3397 2654 exempli

1866 2707 2025 2745 causa
2063 2690 2229 2744 Levit.
2266 2705 2359 2752 vn,
2402 2688 2484 2753 l8,
2528 2695 2644 2744 i’m‘l’
2673 2670 2812 2746 51.1.13,
2842 2684 2956 2753 ipse
3003 2681 3158 2736 vertit
3184 2674 3397 2747 φεγγὼλ

1866 2780 2036 2845 ἔσται,
2083 2780 2185 2840 vel,
2228 2792 2285 2831 ut
2327 2779 2464 2831 alius
2506 2776 2671 2831 codex
2717 2775 2895 2838 habet,
2947 2769 3179 2845 φεγγουλ
3223 2767 3394 2827 ἔσται,

1865 2869 2088 2938 phengul
2123 2869 2250 2932 erit,
2288 2868 2375 2920 ubi
2401 2866 2587 2934 Aquila
2634 2874 2685 2917 et
2710 2861 3083 2933 Symmachus,
3112 2844 3231 2918 ‘71:!)
3265 2854 3400 2909 ἀπό-

1867 2958 2053 3028 ϐλητον
2106 2958 2489 3025 abjiciendum,
2542 2954 2721 3018 LXX,
2775 2952 3023 3022 μίασμα,
3081 2949 3393 3018 inquinatio,

1872 3046 2225 3117 Symmachus
2265 3046 2390 3099 alibi
2445 3044 2629 3114 ἀργὸν,
2662 3042 2867 3103 inutile,
2902 3041 3013 3105 alii,
3053 3039 3288 3106 fetidum,
3314 3035 3397 3088 vel

1823 3183 1836 3200 ,
1869 3143 2167 3205 corruptum
2191 3134 2273 3187 vel
2303 3133 2639 3196 abominatio,
2669 3126 3105 3197 interpretantur.
3136 3124 3200 3176 Et
3227 3123 3394 3175 Levit.

1869 3243 1984 3288 xm,
2032 3224 2097 3292 6,
2138 3234 2350 3285 rinam
2391 3222 2704 3286 Theodotio,
2756 3219 3004 3291 μασφὸωι,
3051 3216 3140 3270 ubi
3183 3214 3395 3282 Aquila,

1868 3315 2195 3381 ἐξανάδοσις,
2221 3316 2443 3383 eruptio,
2475 3312 2845 3382 Symmachus,
2874 3308 3182 3379 ἐκϐρασμα,
3215 3304 3400 3357 ebulli-

1869 3408 1962 3471 tio,
1992 3407 2073 3459 vel
2110 3406 2537 3474 ejectamentum;
2573 3402 2695 3455 alibi
2725 3416 2851 3454 vero
2880 3399 3116 3467 ἕκφυμοι,
3146 3394 3396 3463 pustula;

1875 3496 2115 3565 Vulgata,
2158 3496 2353 3549 scabies
2381 3510 2398 3547 :
2422 3493 2657 3563 ejusdem
2693 3492 2852 3544 etiam
2889 3499 3017 3557 puto
3054 3501 3172 3539 esse
3210 3483 3399 3537 eodem

1868 3587 2072 3654 capite,
2105 3586 2200 3655 σὴθ
2234 3586 2463 3653 positum
2498 3598 2594 3652 pro
2619 3591 2770 3643 nuta,
2800 3579 2940 3647 qnod
2970 3585 3086 3638 est,
3119 3585 3288 3627 tumor
3315 3571 3398 3625 vel

1869 3676 2107 3727 cicatrix.
2150 3676 2216 3728 Et
2238 3673 2405 3727 Levit.
2438 3671 2706 3734 “111,25,
2747 3655 2858 3727 ’πη
2883 3665 3180 3720 Theodotio
3216 3660 3397 3722 θάὅελ,

1874 3764 2093 3829 Tltabel,
2158 3764 2349 3832 Aquila
2410 3778 2555 3825 vero,
2617 3758 2996 3829 ἀπειρημένον,
3063 3752 3398 3823 prohibitum,

1872 3856 2224 3925 Symmachus
2266 3854 2516 3923 ἄρῤητον,
2557 3851 2855 3917 infandum,
2906 3846 3160 3913 Vulgata,
3211 3842 3399 3895 scelus.

1870 3945 1935 3997 Et
1964 3944 2114 3998 Deut.
2151 3959 2262 3996 χχιι
2284 3982 2297 4004 ,
2330 3944 2383 4008 9,
2419 3926 2586 3999 Dm"):
2619 3940 2660 3993 Τ
2668 3937 2913 3992 heodotio
2953 3935 3112 3989 vertit
3155 3932 3398 4000 κώλυμα,

1869 4035 2321 4102 impedimentum,
2368 4032 2494 4100 quia
2544 4031 2657 4083 hzec
2701 4043 2802 4081 vox
2853 4026 3034 4080 Graeca
3084 4021 3400 4076 Hebraicam

1867 4141 2001 4193 pene
2036 4125 2313 4177 lectionem
2345 4120 2523 4184 refert,
2553 4118 2827 4186 magisque
2857 4114 3158 4184 respexisse
3193 4112 3402 4165 videtur

1869 4211 2164 4266 Theodotio
2200 4211 2266 4264 ad
2296 4209 2412 4264 soni
2441 4207 2743 4261 aliinitatem
2770 4218 2929 4272 quam
2965 4202 3030 4255 ad
3058 4199 3401 4270 significatio-

1869 4320 2010 4369 nem,
2038 4303 2230 4371 Aquila
2260 4314 2387 4354 vero
2417 4295 2808 4368 ἀνομοιογενὲς,
2840 4293 2893 4347 id
2917 4302 2999 4347 est
3040 4307 3217 4361 genere
3243 4290 3405 4343 dissi-

1869 4394 2022 4457 mile;
2084 4393 2174 4446 alii
2234 4391 2445 4443 mistum
2496 4388 2581 4441 vel
2639 4388 2911 4438 misturam
2967 4384 3401 4451 interpretantur.

192 4500 378 4549 tum,
407 4488 638 4557 Regum,
669 4488 796 4554 Job,
828 4485 1081 4539 Jeremize
1110 4492 1163 4536 et
1189 4482 1506 4543 Ezechielis,
1532 4478 1769 4534 defectus
1805 4499 1845 4552 ο
1874 4486 1936 4538 Et
1976 4483 2176 4537 Hesaiae
2207 4496 2351 4545 LXIV,
2379 4481 2431 4542 6,
2462 4487 2597 4540 ιον-ιιι
2628 4476 2922 4530 Theodotio
2964 4475 3141 4534 vertit,
3201 4471 3399 4539 Ἐδδίμ.

200 4570 524 4639 Huiusmodi
565 4595 633 4632 ex
677 4576 1099 4633 Theodotione.
1134 4574 1224 4640 qui
1265 4573 1383 4643 styli
1432 4581 1486 4625 et
1517 4571 1772 4625 orationis

214 4682 411 4732 genere
435 4669 661 4721 similior
693 4664 840 4719 LXX
872 4663 1259 4731 lnterpretibus
1290 4671 1425 4725 erat,
1466 4662 1773 4729 suppleren-

226 4765 340 4821 των,
364 4759 628 4812 asteriscis
651 4758 813 4810 initio
844 4769 1064 4822 semper
1089 4767 1118 4804 a
1146 4754 1417 4821 latereque
1445 4752 1650 4819 positis,
1673 4753 1772 4805 doc

244 4857 330 4897 nec
364 4846 622 4913 adjectitia
674 4846 771 4898 illa
815 4842 1249 4896 absolverentur.
1297 4839 1352 4893 In
1414 4839 1550 4893 libro
1596 4849 1770 4892 autem

246 4930 497 5001 Danielis,
539 4936 672 5006 quia
720 4934 781 4987 in
836 4929 984 4986 LXX
1034 4929 1413 4998 interpretibus
1456 4937 1567 4984 tota
1607 4929 1773 4983 series

245 5038 537 5096 prapostere
562 5028 745 5097 posita
794 5031 944 5087 erat,
975 5021 1100 5074 licet
1120 5021 1168 5074 ei
1200 5021 1457 5074 medicam
1491 5019 1774 5073 admovere

242 5130 430 5171 manum
461 5116 761 5172 tentaverit
784 5112 1079 5180 Origenes,
1110 5109 1200 5162 illa
1230 5117 1402 5163 tamen
1434 5108 1663 5161 editione
1684 5120 1770 5160 re-

236 5218 374 5270 mota,
403 5208 851 5264 Theodotionem
884 5201 1007 5268 ejus
1050 5201 1163 5254 loco
1193 5199 1464 5254 substituit
1488 5197 1721 5252 Ecclesia
1755 5214 1768 5250 :

232 5300 350 5353 Inde
375 5299 571 5354 factum
597 5308 688 5352 est
719 5303 784 5348 ut
809 5291 1200 5345 Theodotionis
1228 5289 1390 5344 editio
1418 5290 1470 5341 in
1503 5288 1769 5341 Danielem

227 5389 465 5459 hodieque
495 5390 613 5443 sola
646 5388 706 5440 in
757 5379 1033 5435 Ecclesiis
1054 5377 1246 5434 Graecis
1275 5380 1501 5448 legatur,
1532 5386 1584 5430 et
1609 5377 1772 5431 editio

221 5480 310 5533 τῶν
351 5483 405 5533 0'
431 5482 707 5552 paulatim
744 5470 1052 5529 interierit.
1081 5470 1190 5523 Alia
1217 5471 1340 5523 item
1373 5470 1579 5522 minora
1619 5468 1770 5523 addi-

219 5573 449 5637 tamen“,
476 5588 605 5641 qua
631 5562 971 5639 praemissis
1001 5564 1262 5616 asteriscis
1305 5561 1524 5613 editioni
1559 5559 1664 5611 τῶν
1717 5562 1770 5612 0¹

217 5647 414 5719 inseruit
441 5661 753 5732 Origenes,
791 5664 860 5706 ιιι
890 5651 1175 5718 plurimum
1205 5671 1268 5707 ex
1304 5650 1771 5715 Theodotione,ob

201 5746 540 5811 “aeratam
601 5746 747 5811 styli
800 5737 1154 5804 affinitatem,
1200 5746 1474 5796 mutuatus
1517 5746 1627 5805 est;
1664 5753 1768 5793 non

1877 4575 2104 4639 Eddim,
2161 4572 2252 4626 ubi
2294 4570 2483 4638 Aquila
2549 4566 2897 4639 μαρτυριῶν,
2963 4564 3400 4624 testimoniorum,

1874 4663 2248 4736 Symmachus,
2297 4659 2557 4721 κυουσῶν,
2605 4657 2939 4727 parientium,
2975 4653 3218 4721 Vulgata,
3268 4666 3403 4702 men-

1871 4760 2107 4814 struatte,
2148 4749 2273 4812 alii,
2320 4757 2616 4799 centenum.
2671 4743 2820 4796 Dicet
2871 4742 3097 4794 fortasse
3134 4738 3401 4807 quispiam

1872 4839 2290 4892 Theodotionem
2331 4837 2426 4889 has
2451 4851 2612 4889 voces
2646 4847 2912 4902 perraras,
2943 4839 2994 4883 et
3018 4843 3154 4897 quas
3195 4827 3285 4881 alii
3318 4827 3403 4880 in-

1869 4937 2148 4997 terpretes,
2196 4942 2387 4995 nempe
2428 4925 2567 4978 LXX
2611 4932 2665 4978 et
2689 4921 2902 4990 Aquila,
2931 4918 3085 4987 quasi
3117 4918 3403 4973 divinando

1871 5017 2207 5072 transtulisse
2267 5016 2603 5075 videbantur,
2665 5011 2912 5066 consulto
2974 5008 3405 5078 ἁνερμηνεύτους

1870 5109 2296 5177 praetermisisse,
2328 5107 2454 5175 quia
2495 5120 2677 5158 earum
2725 5100 3168 5171 significationem
3209 5100 3403 5169 priscis

1871 5197 1975 5251 illis
2022 5196 2238 5265 perinde
2285 5205 2444 5263 atque
2494 5192 2623 5253 sibi,
2695 5192 2929 5258 ignotam
2980 5202 3099 5241 esse
3143 5188 3400 5256 putabat:

1870 5295 2076 5356 poterat
2108 5286 2250 5340 enim
2284 5299 2351 5337 ex
2385 5284 2501 5337 aliis
2541 5280 2808 5341 mutuari,
2855 5279 2899 5333 si
2941 5279 3075 5332 bene
3117 5277 3403 5331 translatas
3455 5274 3460 5279 ’

1871 5378 1939 5431 ab
1985 5378 2064 5431 eis
2088 5374 2398 5443 putavisset.
2448 5371 2710 5425 Prmterea
2777 5371 2945 5423 multa
2997 5365 3162 5419 verba
3216 5364 3402 5427 fuisse.

1870 5481 2098 5535 quorum
2144 5464 2266 5516 licet
2309 5461 2628 5529 significatio
2672 5475 2780 5513 non
2814 5461 3171 5527 ignoraretur,
3199 5468 3263 5506 ex
3300 5467 3402 5505 usu

1871 5566 2047 5609 tamen
2072 5551 2375 5606 Iudaeorum
2410 5550 2777 5620 ἀνερμήνευτα
2814 5542 3193 5605 remanebant,
3229 5549 3281 5593 et
3316 5538 3405 5591 lit—

1872 5645 1997 5698 teris
2041 5642 2212 5696 solum
2242 5638 2461 5705 Grecis,
2504 5648 2563 5693 ut
2591 5637 2849 5692 Hebraice
2896 5630 3185 5688 sonabant,
3226 5621 3410 5690 expri-

1872 5735 2181 5799 mcbantur;
2229 5730 2385 5801 cujus
2420 5730 2499 5786 rei
2523 5728 2762 5799 exempla
2796 5724 2961 5780 multa
2994 5719 3049 5773 in
3076 5712 3214 5768 LXX
3240 5709 3413 5765 luter-
