3878 6388
589 418 660 472 95

590 526 829 598 pretibus
865 524 1176 575 occurrunt.
1220 515 1342 569 Haec
1367 514 1599 582 obiectio
1627 529 1733 567 non
1760 512 2118 567 verisimilitu-

590 620 714 673 dine
762 622 904 670 caret
949 628 962 663 :
1010 617 1064 661 at
1104 607 1205 661 etsi
1252 605 1538 673 aliquando
1589 604 1641 657 in
1686 603 2003 672 quibusdam
2047 616 2111 653 ex

591 705 764 761 allatis
800 700 929 754 iocis
969 708 1022 751 et
1063 696 1119 750 in
1159 695 1278 749 aliis
1319 694 1454 748 bene
1492 692 1674 747 multis
1716 707 1835 761 qua:
1873 690 2115 745 consulto

1905 384 2410 448 PRAELIMINARIA

2149 501 2674 583 Apraetermisimus,
2731 495 2906 549 valere
2964 484 3315 583 possin-"in
3384 478 3639 583 aliquot.
3678 483 3712 575 1.:

2215 564 2471 662 exemplis
2498 585 2875 645 Theodotionis
2923 580 3026 635 vel
3070 570 3519 643 indiligentiam
3554 566 3647 620 vel
3690 564 3711 619 i

2219 684 2398 737 ritiam
2430 681 2516 734 vix
2544 690 2800 734 excusare
2827 681 3179 743 possumus.

1674 945 2039 1035 CAPUT
2098 939 2690 1034 OCTAVUM.

1725 1126 1812 1185 De
1864 1118 2125 1198 reliquis
2154 1113 2558 1176 editionibus.

1158 1350 1264 1396 lima
1292 1347 1560 1402 editiones,
1583 1345 1881 1405 quandonam
1920 1344 2192 1405 factzersint.
2229 1341 2287 1391 ll.
2324 1337 2630 1405 Quandonani
2652 1328 3230 1405 repertaegfuerint:
3262 1328 3347 1377 De
3371 1328 3567 1386 Ουίῖηι
3591 1329 3708 1377 Odm

1146 1410 1223 1458 1V.
1246 1408 1319 1456 De
1342 1409 1507 1456 Sexta.
1528 1396 1684 1454 VfDe
1703 1405 1933 1465 Septima.
1959 1405 2039 1453 Vl.
2062 1404 2136 1453 De
2154 1396 2370 1463 Vulgata:
2395 1398 2620 1447 editionis
2653 1396 2833 1442 Latinas
2865 1396 3198 1451 praestantia.

587 1353 628 1405 1.
648 1356 838 1416 Quinta,
864 1353 1030 1410 Sexta,
1055 1350 1153 1416 Sep

656 1513 696 1568 1.
726 1512 943 1579 Quinta,
967 1507 1145 1574 Sexta,
1173 1506 1677 1579 Septimayeditiones
1714 1508 2045 1576 quandonam

1191 1579 1345 1645 facta
1371 1577 1498 1632 sint.

658 1692 774 1758 Quo
804 1700 1038 1759 tempore
1061 1688 1277 1754 Quinta,
1304 1687 1484 1752 Sexta,
1507 1696 1559 1741 et
1586 1678 1819 1756 Sepiima
1856 1688 2116 1743 editiones

591 1786 804 1836 emissa:
834 1782 1067 1845 fuerint;
1104 1796 1169 1832 an
1204 1780 1304 1832 alia
1338 1780 1494 1831 aliam
1539 1788 1690 1832 aetate
1733 1779 1886 1848 longe
1920 1794 2117 1848 praece-

590 1874 701 1937 dat,
732 1887 851 1939 qua:
886 1872 1053 1939 prior,
1096 1884 1214 1937 quae
1265 1870 1525 1937 posterior
1563 1869 1877 1922 concinnata
1917 1869 2113 1931 fuerit,

589 1963 786 2032 quibus
829 1960 1136 2014 auctoribus
1184 1959 1433 2026 singulae;
1478 1959 1606 2022 haec,
1653 1959 1888 2026 inquam,
1940 1959 2118 2012 omnia

589 2067 740 2120 aeque
770 2051 947 2119 ignota
983 2059 1136 2111 sunt,
1174 2066 1271 2104 nec
1303 2057 1471 2116 potest
1504 2049 1569 2102 iis
1593 2049 1656 2101 de
1690 2049 1847 2101 rebus
1877 2049 1954 2101 vel
1987 2062 2117 2101 con-

582 2140 836 2209 jectando
879 2140 1146 2208 quidpiam
1198 2139 1440 2207 proferri.
1483 2136 1811 2207 Perindeque
1846 2139 2120 2208 ignoratur

590 2242 655 2280 an
685 2227 889 2294 Aquilae
913 2269 926 2291 ,
956 2227 1335 2281 Thcodotionis
1371 2236 1422 2280 et
1448 2226 1749 2296 Symmachi
1798 2227 2119 2280 editionibus

589 2317 693 2369 illa:
742 2318 822 2369 vel
880 2320 1210 2386 antiquiores
1259 2319 1398 2379 sint,
1442 2317 1527 2370 vel
1581 2326 1733 2369 aetate
1778 2317 2116 2384 posteriores.

592 2406 649 2459 Si
677 2416 852 2460 tamen
901 2406 1117 2472 Quinta,
1150 2422 1269 2475 qua:
1306 2422 1444 2459 anno
1472 2406 1759 2459 Caraculla:
1803 2406 2028 2473 septimo
2065 2404 2121 2457 iu

586 2490 748 2544 doliis
785 2501 990 2558 reperta
1017 2502 1117 2553 est,
1152 2501 1205 2544 tt
1237 2494 1393 2545 Sexta
1421 2508 1538 2560 quae
1580 2504 1813 2560 tempore
1837 2492 2120 2546 Alexandri

591 2578 775 2633 Severi
811 2581 864 2632 in
895 2582 1053 2633 doliis
1082 2583 1278 2648 pariter
1309 2582 1636 2648 deprehensa
1680 2581 1808 2646 fuit;
1844 2582 1890 2635 si
1932 2582 2120 2643 ambae,

591 2665 846 2733 inquam,
898 2667 999 2719 illa:
1048 2668 1100 2719 in
1148 2667 1307 2719 doliis
1361 2669 1666 2734 huiusmodi
1714 2670 1804 2721 diu
1852 2670 2120 2732 latuerint,

599 2751 986 2809 Theodotionis
1033 2771 1160 2808 sane
1210 2764 1261 2806 et
1304 2755 1604 2826 Symmachi
1663 2759 1958 2821 editiones,
2005 2773 2124 2825 quae

595 2842 756 2911 paulo
800 2852 924 2895 ante
968 2844 1178 2897 emissae
1234 2844 1477 2908 fuerant,
1528 2854 1681 2899 aetate
1733 2848 2120 2913 praecesserint.

591 2929 734 2984 Sane
761 2932 1045 2985 verisimile
1072 2933 1302 2993 videtur,
1326 2934 1405 2986 vel
1430 2949 1492 2987 ex
1526 2934 1641 3002 ipso
1670 2934 1917 2986 narrandi
1944 2933 2121 2997 modo,

589 3019 852 3075 editiones
890 3021 1028 3086 illas,
1069 3037 1187 3088 qua:
1226 3037 1353 3076 casu
1391 3023 1443 3075 in
1482 3024 1637 3076 doliis
1677 3023 1901 3077 latentes
1938 3024 2125 3091 depre-

591 3110 774 3163 hensae
818 3121 960 3173 sunt,
994 3125 1096 3163 non
1135 3103 1441 3179 nuperrime
1469 3113 1763 3167 occultatas
1810 3113 1995 3178 fuisse,
2030 3114 2121 3166 sed

592 3216 697 3253 non
727 3202 911 3268 paucis
942 3201 1161 3253 latuisse
1198 3202 1370 3254 annis.
1410 3200 1486 3253 Ex
1515 3202 1613 3255 hac.
1643 3217 1804 3270 porro
1829 3203 2120 3255 editionum

592 3292 904 3343 collectione
945 3290 1374 3354 animadvertas,
1421 3291 1514 3343 illo
1555 3306 1667 3343 azvo
1693 3292 1886 3346 multos
1935 3290 2122 3354 fuisse.

592 3379 684 3450 qui
718 3377 990 3433 Hebraicis
1016 3379 1163 3431 libris
1196 3394 1359 3432 saera:
1385 3379 1673 3444 Scriptura:
1699 3380 1879 3434 Graece
1913 3390 2123 3435 verten-

594 3471 681 3523 dis
710 3470 1023 3521 insuuarent
1058 3484 1070 3521 :
1112 3481 1231 3519 nam
1270 3475 1459 3535 praeter
1491 3466 1628 3519 LXX
1665 3469 2002 3537 lnterpretes,
2032 3485 2125 3523 sex

593 3559 727 3612 alias
754 3558 1012 3612 editiones
1043 3567 1227 3610 nactus
1249 3556 1617 3627 estOrigeues,
1640 3559 1731 3627 qui
1756 3559 1985 3613 fortasse
2017 3574 2124 3612 non

595 3663 781 3702 omnes
806 3663 925 3717 quae
953 3655 1075 3699 ante
1106 3645 1430 3714 prodierant,
1459 3648 1690 3713 reperire
1727 3650 1917 3716 potuit.

878 3737 939 3789 ll.
987 3736 1327 3800 Quandonam
1379 3748 1587 3803 reperta
1631 3739 1842 3806 fuerint.

662 3826 913 3894 Quintam
947 3826 1234 3880 editionem
1269 3839 1532 3894 repertam
1583 3828 1747 3882 fuisse
1775 3829 2124 3885 Hierichunte

596 3917 651 3970 in
688 3916 864 3977 doliis,
893 3917 952 3969 ὲν
983 3915 1175 3977 πίθοις,
1217 3914 1478 3969 referebat
1499 3914 1774 3984 Origenes,
1807 3926 1938 3971 teste
1963 3916 2127 3972 Euse-

596 4006 705 4070 bio,
731 4004 870 4058 Hist.
896 4005 1019 4058 ccci.
1057 4004 1146 4058 lib.
1175 4020 1249 4069 vr,
1281 4020 1398 4073 cap.
1430 4004 1511 4067 l6,
1537 4016 1590 4065 et
1614 4007 1846 4074 quidem,
1868 4014 1922 4059 ut
1949 4017 2130 4061 narrat

598 4094 951 4164 Epiphanius,
986 4111 1127 4148 anno
1149 4096 1435 4149 Caraealla:
1460 4096 1705 4163 septimo.
1734 4096 1891 4151 Sexta
1920 4098 2120 4165 pariter

596 4186 760 4236 editio
806 4186 858 4237 in
903 4186 1061 4237 doliis
1108 4187 1321 4239 inventa
1370 4184 1468 4238 fuit
1507 4184 1745 4252 Nicopoli
1790 4187 1857 4238 ad
1894 4186 2126 4250 Actium,

600 4282 834 4339 tempore
857 4272 1197 4325 Alexandrini
1232 4273 1430 4326 Severi.
1467 4273 1754 4340 Septimam
1784 4274 1906 4326 item
1940 4274 2127 4327 editio-

599 4378 718 4416 nem
749 4371 963 4415 nactum
986 4360 1267 4430 Origenem
1309 4362 1362 4413 in
1396 4360 1646 4426 Hexaplis
1680 4360 1921 4427 posuisse
1949 4372 2128 4415 narrat

2147 1825 2189 1878 B

2151 3150 2191 3204 C

2216 1512 2263 1557 et
2290 1502 2498 1556 Sextam
2536 1506 2584 1550 et
2613 1495 2898 1563 Septimam
2941 1491 3255 1544 editionem
3279 1529 3296 1552 ,
3350 1505 3493 1557 quas
3534 1492 3702 1543 etiam

2218 1593 2280 1644 de
2322 1589 2432 1657 ejus
2478 1584 2781 1639 bibliotheca
2833 1579 3148 1643 habemus,
3208 1580 3357 1630 miro
3410 1577 3604 1631 labore
3648 1596 3710 1646 re;

2221 1679 2516 1750 (Origenes)
2563 1685 2610 1728 et
2648 1690 2762 1726 cum
2802 1673 3020 1724 caeteris
3072 1669 3421 1723 editionibus
3476 1686 3708 1739 compar.

2218 1767 2380 1837 Igitur
2420 1780 2480 1817 ex
2508 1761 2718 1815 Eusebii
2760 1768 2811 1813 et
2837 1757 3178 1826 Hieronymi
3224 1758 3603 1823 testimoniis,
3633 1773 3702 1826 qu

2217 1872 2322 1910 non
2367 1854 2490 1908 licet
2526 1849 2811 1919 refragari,
2856 1857 3083 1901 certum
3139 1855 3231 1900 est
3284 1843 3602 1914 Septimam
3662 1857 3706 1901 (τί

2215 1947 2497 2001 editionem
2544 1944 2597 1994 in
2637 1939 2964 2008 quibusdam
3022 1936 3348 2005 Scriptura:
3402 1937 3569 1991 libris
3610 1939 3679 1990 ab

2217 2035 2440 2103 Origene
2463 2032 2686 2102 positam
2714 2030 2899 2084 fuisse.
2932 2028 2991 2082 Id
3019 2041 3179 2083 certe
3209 2030 3480 2097 ignorare
3511 2045 3621 2083 non
3650 2047 3702 2100 ρ(

2218 2126 2501 2187 Eusebius,
2543 2124 2635 2191 qui
2684 2123 2858 2190 ipsum
2893 2119 3169 2187 Origenis
3219 2121 3676 2189 autographum,

2217 2233 2337 2271 cum
2357 2214 2631 2281 Pamphilo
2660 2221 2918 2280 martyre,
2957 2210 3249 2273 tractavit,
3277 2213 3530 2266 correxit
3560 2213 3694 2267 scho

2220 2325 2323 2379 que
2364 2306 2667 2360 illustravit.
2713 2303 2969 2356 Altamen
3011 2302 3332 2370 Septimam
3381 2319 3663 2372 nusquam

2219 2406 2392 2450 morat
2420 2395 2773 2463 Epiphanius,
2810 2392 2905 2460 qui
2959 2401 3023 2444 ut
3065 2392 3123 2443 in
3176 2391 3307 2445 aliis
3344 2393 3536 2446 minus
3574 2408 3701 2446 accu

2219 2484 2492 2552 scriptoris
2542 2481 2831 2548 conspicua
2879 2480 3045 2547 signa
3092 2481 3273 2545 dedit,
3308 2482 3419 2534 hoc
3462 2482 3593 2534 item
3634 2483 3702 2535 im

2220 2581 2402 2641 genter
2432 2580 2692 2625 tractasse
2729 2569 3143 2623 existimandus
3177 2577 3287 2625 est.
3340 2571 3451 2624 Sed
3477 2610 3491 2635 ,
3525 2574 3668 2641 quod

2220 2677 2339 2714 rum
2375 2661 2635 2722 videatur,
2665 2667 2852 2711 auctor
2884 2656 3198 2728 Synapseos
3252 2663 3400 2713 inter
3436 2661 3698 2713 Athanasi

2222 2767 2382 2819 opera
2412 2766 2577 2815 cusw,
2621 2750 2688 2803 de
2709 2750 2952 2817 Septima
2989 2750 3241 2805 editione
3278 2752 3353 2804 ita
3395 2751 3680 2820 loquitur:

2221 2840 2381 2908 ptima
2412 2851 2457 2891 et
2490 2849 2746 2906 postrema
2776 2840 3158 2907 interpretatio
3211 2843 3392 2893 sancti
3434 2841 3657 2892 Luciani
3686 2857 3698 2890 ι

2222 2928 2308 2996 gni
2342 2937 2525 2980 asceta:
2566 2938 2615 2979 et
2645 2928 2893 2994 martyris
2927 2938 3033 2991 est,
3068 2931 3163 2996 qui
3199 2940 3250 2982 et
3285 2933 3398 2998 ipse
3429 2947 3548 2982 cum
3588 2932 3641 2983 in
3666 2948 3696 2998 p

2224 3017 2390 3068 dictas
2416 3016 2661 3068 editiones
2695 3033 2809 3067 cum
2839 3016 3127 3070 Hebraicis
3160 3020 3477 3084 conjunctas
3511 3019 3694 3072 incidis

2224 3117 2269 3159 et
2303 3106 2575 3174 diligenter
2609 3122 2722 3173 qua:
2760 3106 2836 3157 vel
2876 3107 3137 3173 deerant,
3185 3108 3263 3161 vel
3312 3109 3585 3177 superﬂua
3627 3124 3696 3160 ert

2224 3196 2561 3262 inspexisset,
2609 3211 2670 3246 ac
2719 3195 2825 3246 suis
2870 3195 3175 3265 quibusque
3217 3196 3624 3266 Scripturarum
3663 3197 3696 3249 ι(

2224 3286 2556 3347 correxisset,
2618 3286 2905 3337 versionem
2969 3287 3109 3340 hanc
3157 3289 3487 3342 Christianis
3544 3289 3693 3357 fratri

2223 3376 2405 3436 edidit,
2444 3390 2557 3443 qua:
2588 3375 2974 3442 interpretatio,
3020 3379 3132 3431 sive
3176 3379 3347 3447 ipsius
3396 3396 3556 3431 manu
3598 3379 3696 3430 άεδι

2224 3477 2340 3534 ptus
2383 3463 2533 3526 tiber,
2573 3472 2685 3531 post
2719 3464 2832 3531 ejus
2882 3476 3155 3520 certamen
3204 3479 3255 3520 et
3298 3470 3612 3537 martyrium
3653 3483 3694 3533 φ

2225 3556 2315 3609 sub
2360 3554 2681 3607 Diocletiano
2727 3563 2773 3604 et
2817 3553 3160 3609 Maximiano
3219 3560 3465 3626 tyrannis
3516 3557 3692 3611 sustim

2224 3654 2446 3712 repertus
2479 3654 2551 3695 est
2585 3641 2909 3697 Nicomedia:
2943 3646 3039 3696 sub
3075 3646 3435 3701 Constantino
3468 3647 3654 3716 Magno
3682 3648 3696 3695 ἱ

2223 3745 2459 3806 peratore
2491 3736 2629 3803 apud
2653 3733 2899 3798 Juda'os,
2932 3736 2988 3788 in
3024 3740 3229 3803 pariete
3276 3738 3469 3790 turrito
3506 3736 3643 3789 calce
3678 3752 3692 3785 t

2224 3827 2471 3891 cumlito,
2528 3827 2584 3878 in
2641 3840 2741 3892 quo
2793 3825 3057 3879 custodia:
3111 3828 3291 3896 gratia
3346 3827 3545 3894 positus
3592 3825 3691 3893 fuci

2227 3916 2316 3971 Sic
2354 3916 2439 3969 ille
2471 3915 2803 3968 decantatam
2844 3915 2993 3969 illam
3030 3916 3263 3970 Luciani
3310 3916 3562 3986 martyris
3588 3914 3689 3966 edit

2226 4023 2345 4062 nem
2388 4021 2509 4060 cum
2539 3994 2771 4073 Septima
2805 4004 3102 4074 Hexaplari
3148 4007 3419 4069 confudit,
3452 4020 3621 4073 exque
3649 4004 3692 4056 dl

2227 4100 2326 4153 bus
2373 4114 2531 4151 unam
2580 4096 2720 4150 fecit.
2784 4095 2941 4161 Quod
2975 4108 3344 4152 commentum
3379 4095 3590 4151 Eusebii
3619 4101 3691 4147 att

2228 4184 2532 4255 Hieronymi
2584 4183 2910 4238 testimoniis
2961 4186 3297 4253 exploditur,
3350 4198 3577 4254 quorum
3611 4179 3693 4250 pri

2228 4277 2466 4331 Luciano
2500 4275 2717 4345 martyri
2749 4276 2997 4342 aequalis,
3036 4276 3089 4328 in
3127 4276 3248 4344 ipso
3283 4272 3614 4344 autographa
3645 4270 3686 4321 vi

2230 4364 2521 4432 Septimam
2570 4366 2636 4418 ab
2673 4364 2906 4433 Origene
2956 4373 3084 4419 ante
3130 4380 3308 4420 anrms
3358 4366 3477 4433 plus
3517 4362 3690 4431 quian

599 4448 859 4503 Eusebius
900 4450 987 4503 lib.
1011 4466 1081 4510 γι,
1131 4464 1247 4516 cap.
1268 4448 1332 4502 16
1353 4465 1366 4501 :
1388 4449 1481 4500 Ἐν
1503 4464 1565 4515 γε
1589 4449 1690 4518 μὴν
1715 4451 1821 4510 τοῖς
1853 4449 2122 4514 Ἐξαπλοῖς

2229 4457 2370 4524 ginta
2412 4455 2464 4507 in
2522 4453 2768 4521 Hexaplis
2814 4456 3073 4522 positam.
3108 4455 3189 4507 Ad
3229 4457 3498 4508 luncvero
3533 4455 3683 4503 aucto

598 4540 703 4594 τῶν
723 4540 958 4610 Ψαλμῶν
986 4540 1120 4609 μετὰ
1144 4540 1237 4600 τὰς
1260 4541 1552 4609 ἐπισήμους
1583 4539 1846 4611 τέσσαρας
1872 4539 2122 4605 ἐκδόσεις,

598 4630 658 4684 οὐ
698 4630 849 4699 μόνον
886 4629 1162 4697 Πέμπτην,
1206 4627 1338 4680 ἀλλὰ
1376 4629 1467 4680 καὶ
1494 4628 1690 4698 Ἕκτην
1736 4629 1829 4681 καὶ
1870 4627 2126 4697 Ἑϐδόμην

600 4719 860 4790 παραθεὶς
906 4718 1213 4789 ἑρμηνείαν.
1257 4717 1309 4770 ld
1354 4726 1485 4770 est:
1537 4716 1723 4785 Utique
1775 4718 1828 4769 in
1874 4715 2125 4785 Hexaplis

602 4810 930 4862 Psalmorum
976 4818 1088 4877 post
1137 4808 1360 4876 insignes
1409 4806 1529 4858 illas
1575 4816 1799 4875 quatuor
1845 4806 2125 4869 editiones,

600 4901 688 4953 ubi
719 4917 815 4952 non
845 4900 1011 4952 solum
1041 4899 1311 4963 Quintam,
1342 4898 1429 4950 sed
1457 4899 1612 4950 etiam
1644 4895 1853 4951 Sextam
1880 4906 1928 4950 et
1954 4896 2126 4966 Septi-

601 5003 740 5042 ruam
790 4989 1064 5042 editionem
1107 4989 1364 5057 apposuit,
1404 4996 1504 5040 etc.
1555 4986 1677 5040 Haec
1717 4988 1771 5040 in
1815 4996 2128 5041 transcursu

600 5092 829 5131 narrans
871 5077 1155 5141 Eusebius,
1208 5079 1262 5132 in
1310 5077 1536 5132 Psalmis
1584 5086 1788 5131 tantum
1839 5075 2127 5144 Septimam

603 5168 892 5221 editionem
928 5166 1091 5221 fuisse
1119 5176 1397 5222 memorat.
1429 5166 1531 5222 Sed
1571 5168 1685 5237 ipso
1715 5176 1850 5221 teste
1877 5166 2127 5233 Eusebio,

603 5257 659 5310 in
703 5257 1001 5309 minoribus
1046 5259 1205 5310 etiam
1255 5260 1526 5326 prophetis
1577 5259 1904 5320 habebatur,
1953 5257 2128 5311 locum

602 5346 745 5401 enim
777 5342 1025 5413 Septima:
1070 5361 1134 5398 ex
1166 5345 1415 5402 Habaeue
1463 5363 1581 5417 cap.
1620 5363 1654 5401 ιι
1702 5348 1814 5416 ipse
1845 5345 2045 5413 profert
2076 5349 2127 5401 in

602 5436 1053 5491 Dsmonstratione
1107 5438 1429 5505 evangelica;
1481 5449 1657 5492 utrum
1709 5440 1761 5490 in
1805 5437 1924 5491 aliis
1967 5436 2129 5490 etiam

605 5527 758 5581 libris
792 5525 952 5579 fuerit
990 5526 1097 5596 jam
1137 5528 1309 5593 capite
1344 5530 1516 5596 primo
1561 5525 2005 5582 Pratliminarium
2039 5540 2132 5580 ex-

604 5633 829 5690 pensum
870 5616 990 5671 fuit.
1024 5616 1253 5672 Eusebio
1292 5621 1486 5674 accinit
1510 5619 1865 5690 Hieronymus
1900 5610 1971 5670 De
1996 5618 2129 5670 scri-

603 5707 836 5764 ptoribus
879 5706 1277 5763 ecclesiasticis:
1310 5708 1591 5775 Prteterea,
1635 5710 1834 5780 inquit,
1881 5706 2129 5772 Quintam

2228 4544 2511 4615 Synopseos
2548 4548 2779 4597 narratio
2811 4546 3089 4614 respuitur
3120 4561 3186 4599 ex
3221 4546 3353 4611 ipsis
3387 4542 3632 4612 Septimae
3660 4535 3690 4588 fl

2226 4636 2471 4703 gmentis,
2498 4648 2634 4701 quae,
2664 4640 2720 4685 ut
2750 4633 3183 4687 tesulicabantur
3210 4633 3475 4685 Eusebius
3504 4640 3555 4683 et
3579 4626 3687 4678 Hier

2227 4736 2435 4790 nymus,
2471 4721 2523 4772 in
2564 4720 2749 4788 paucis
2777 4719 3069 4788 Scriptura:
3117 4722 3268 4775 libris
3302 4722 3486 4773 aderat
3524 4736 3537 4770 :
3581 4721 3688 4767 conl

2226 4829 2351 4866 vero
2395 4811 2614 4865 Luciani
2656 4810 2824 4864 editio
2865 4820 3031 4864 totam
3063 4810 3397 4879 Scripturam
3447 4806 3688 4873 complecl

2227 4903 2410 4966 batur;
2430 4902 2666 4969 nihilque
2682 4900 2827 4953 aliud
2847 4910 2963 4953 erat
2978 4916 3138 4969 quam
3163 4898 3527 4969 interpretatio
3555 4893 3655 4948 τῶν
3678 4896 3688 4942 l

2230 4990 2469 5059 plurimis
2492 4991 2541 5042 in
2567 4990 2699 5044 locis
2718 4991 2785 5043 ab
2816 4992 3001 5044 eodem
3020 5000 3207 5043 sancte
3223 5001 3453 5059 martyre
3464 4982 3688 5040 emendat

2226 5096 2346 5148 qua:
2373 5079 2555 5133 multis
2583 5089 2704 5147 post
2733 5079 3052 5132 concinnata
3082 5077 3317 5145 Hexapla
3352 5076 3508 5131 annis
3546 5068 3688 5141 prodi

2230 5179 2333 5222 rat.
2414 5167 2548 5221 Hinc
2595 5182 2722 5221 vero
2788 5167 3135 5234 corrigendos
3184 5167 3408 5219 Brianus
3456 5162 3686 5215 Waltontr

2227 5260 2318 5326 qui
2350 5258 2415 5310 ab
2441 5270 2658 5313 auctore
2686 5255 2970 5326 Synopseos
2999 5257 3269 5323 deceptus,
3298 5255 3543 5324 opinatur
3574 5249 3684 5314 Sept

2229 5363 2367 5402 mam
2405 5349 2645 5402 eamdem
2684 5364 2803 5404 esse
2827 5361 2986 5416 quam
3018 5343 3238 5398 Luciani
3281 5342 3529 5412 martyris
3559 5336 3686 5393 editi

2229 5454 2372 5493 netu.
2406 5437 2709 5510 Prolegom.
2744 5455 2818 5502 ix,
2852 5453 2999 5490 num.
3025 5436 3115 5492 20.

2634 5529 2721 5585 III.
2767 5529 2841 5583 De
2878 5526 3070 5590 Quinta
3101 5528 3339 5580 editione.

2297 5615 2721 5678 Cbristiauusue.
2752 5632 2820 5670 an
2846 5613 3079 5674 Iudaeus,
3122 5612 3551 5668 Samaritanusve
3583 5605 3682 5659 fuet

2229 5705 2318 5775 qui
2347 5707 2633 5763 editionem
2665 5707 2916 5773 Quintam
2946 5703 3240 5764 adornavit.
3270 5717 3368 5757 nec
3400 5716 3464 5756 es
3507 5707 3676 5753 vetent
