3878 6378
185 491 249 546 97
1453 498 1521 552 ΙΝ
1557 499 1786 554 HEXAPJ

1901 497 2236 554 ornamus.
3367 511 3435 568 οε

184 592 501 661 testimonio,
528 608 630 649 nec
658 607 731 650 ex
768 596 907 668 ejus
938 601 1433 679 interpretatione
1459 617 1629 687 colligi
1658 631 1812 687 posse
1830 602 1878 676 Ἀ
1908 615 2104 680 pinnae,
2138 629 2255 683 quae
2283 613 2335 667 in
2362 612 2608 670 Habacuc
2634 615 2885 684 propheta
2923 633 3023 674 suo
3046 621 3231 674 ordine
3264 622 3436 691 posita

186 692 411 746 videtur:
440 682 695 775 quisquis
730 700 879 742 vero
908 688 1132 763 fuerit,
1167 703 1349 758 multo
1378 682 1625 759 liberiore
1651 682 1807 775 quam

195 772 536 834 Symmachus
562 772 1001 845 interpretandi
1059 803 1277 857 genere
1325 810 1457 849 usus
1488 805 1589 858 est,
1636 796 1707 849 ita
1755 806 1811 848 ut

202 860 567 953 paraphrasten
608 867 982 937 quandoque
1033 879 1250 946 sapiat,
1280 891 1340 935 ut
1382 884 1562 938 videre
1592 899 1810 953 praeser-

208 953 306 1005 tim
328 960 399 1004 est
428 951 482 1005 in
512 952 821 1009 duodecim
870 964 1194 1032 prophetis
1226 970 1543 1037 minoribus,
1586 951 1674 1026 ubi
1710 972 1811 1027 fre-

221 1041 473 1106 quentiora
515 1042 774 1109 ejusdem
820 1045 1166 1120 fragmenta
1217 1059 1503 1114 habentur.
1553 1060 1641 1115 Sic
1679 1060 1809 1116 Osee

209 1142 303 1193 νιν
323 1128 372 1191 9η
398 1146 576 1185 Ἥκεω
604 1141 852 1203 unum,
888 1155 1077 1209 Quam
1115 1150 1322 1211 caeteri,
1361 1149 1561 1202 curabit
1587 1166 1696 1212 nos,
1727 1152 1806 1205 vel

181 1214 449 1296 afligabit
472 1240 585 1284 nos,
615 1225 1113 1299 interpretantur,
1140 1239 1257 1305 ipse
1286 1240 1460 1301 vertit,
1488 1240 1655 1308 ὑγιεῖς
1681 1242 1810 1293 ἁπο-

178 1304 576 1383 ιῷἷξὶινωηοε
619 1319 930 1378 exhibebit.
982 1324 1056 1378 Et
1100 1304 1239 1383 Osee
1276 1346 1370 1392 vn,
1417 1304 1657 1396 14,Ἰιωο
1707 1330 1807 1385 He-

226 1414 285 1462 κ
306 1404 415 1457 nica
438 1406 589 1459 verba
626 1415 694 1464 in
720 1414 879 1469 ww
926 1425 1155 1476 muni
1190 1428 1386 1479 imam:
1430 1405 1630 1503 ττι-ινιτ,
1675 1436 1805 1489 (ιυοο

268 1503 376 1543 rum
394 1507 568 1546 sensus
598 1503 705 1559 est,
744 1514 916 1566 super
954 1503 1203 1555 triticum
1235 1517 1282 1558 et
1312 1509 1481 1559 vinum
1517 1508 1805 1575 congregati

228 1592 384 1642 (aut,
409 1595 721 1637 recesserunt
758 1604 793 1639 a
832 1605 939 1654 me,
971 1592 1093 1659 ipse
1125 1595 1305 1659 vertit,
1343 1595 1445 1648 ὑπὸ
1486 1596 1690 1666 τρυφῆς
1715 1597 1805 1647 καὶ

197 1671 552 1741 πζλησμονῆς
592 1676 742 1729 σίτου
787 1681 887 1731 καὶ
929 1680 1079 1733 οἴνου
1109 1683 1414 1754 ἀπέστησάν
1460 1703 1578 1755 μου,
1625 1687 1673 1738 id
1702 1696 1800 1751 est,

199 1776 234 1813 α
304 1762 564 1830 uoluptate
587 1775 635 1818 et
675 1766 1020 1823 abundantia
1053 1773 1218 1825 tritici
1243 1786 1291 1827 et
1328 1776 1431 1827 vini
1455 1776 1743 1842 defecerunt
1772 1793 1803 1827 a

207 1868 347 1906 nne.
384 1852 473 1908 Sic
506 1856 600 1910 ille
646 1857 759 1912 fere
788 1875 1012 1928 semper
1046 1863 1268 1916 liberam
1299 1882 1396 1918 nec
1427 1866 1612 1918 litterae
1643 1866 1801 1921 astri-

211 1949 384 1993 clam
429 1943 936 2014 interpretationem
971 1949 1147 2015 effert,
1177 1952 1250 2004 ita
1296 1962 1469 2006 tamen
1513 1964 1570 2006 ut
1613 1968 1642 2005 a
1674 1966 1798 2005 vera
1829 1935 1870 1992 Β

214 2027 535 2100 Scriptura:
578 2045 765 2090 mente
795 2054 905 2090 non
949 2040 1213 2092 recedat:
1256 2056 1373 2108 qua;
1404 2056 1561 2095 causa
1604 2041 1700 2096 fuit
1744 2052 1801 2097 ut

213 2113 501 2189 Vulgatus
544 2122 822 2191 interpres
868 2126 923 2178 in
955 2125 1043 2179 his
1087 2128 1464 2195 prophetarum
1503 2129 1652 2183 libris
1692 2145 1796 2183 non

199 2204 609 2280 infrequenter
639 2212 820 2280 ipsum
857 2214 1010 2281 sequi
1034 2216 1294 2268 videatur.

815 2301 905 2354 IV.
950 2302 1025 2356 De
1068 2300 1245 2357 Sexta.

308 2386 526 2442 Senam
557 2405 695 2443 vero
727 2391 1027 2444 editionem
1058 2405 1086 2442 a
1118 2391 1418 2445 Christiano
1444 2393 1557 2445 viro
1584 2392 1798 2446 concin-

192 2488 416 2531 Iratam
448 2479 621 2533 fuisse
662 2480 751 2532 vel
779 2496 849 2533 ex
889 2482 992 2532 hoc
1024 2495 1131 2532 uno
1157 2480 1275 2546 ejus
1318 2480 1610 2548 fragmento
1635 2482 1796 2549 liqui-

193 2569 366 2621 (Ium
405 2578 505 2627 est.
549 2568 817 2622 llabacuc
862 2585 944 2630 ιιι,
1002 2572 1087 2629 i5,
1140 2572 1226 2623 ubi
1277 2571 1403 2623 illud
1450 2571 1793 2626 llebiaicum:

192 2663 551 2735 Ἱππ-ἢκ
596 2643 752 2721 νυνι)
788 2669 918 2735 '37:?
971 2644 1116 2722 ινιυῆ
1142 2668 1280 2718 nam
1316 2661 1393 2713 sic
1427 2660 1795 2729 interpretatur

195 2745 380 2813 i’se,
410 2747 661 2816 Ἐξῆλθες
693 2747 791 2799 τοῦ
821 2748 994 2799 σῶσαι
1021 2748 1110 2799 τὸν
1130 2748 1252 2800 λαόν
1281 2765 1371 2800 σου
1392 2748 1476 2801 διὰ
1509 2750 1675 2820 Ἰησοῦ
1702 2750 1791 2804 τοῦ

199 2834 467 2905 Κριστοῦ
512 2852 643 2888 σουο
696 2836 958 2905 Egressus
999 2854 1052 2890 es
1096 2839 1164 2889 ad
1209 2838 1509 2891 saluandam
1552 2840 1793 2907 populum

201 2930 388 2976 tum
429 2942 517 2992 per
561 2925 753 2977 Iesum
799 2924 1072 2979 Christum
1121 2938 1287 2981 tuum.
1337 2927 1501 2995 Cujus
1548 2928 1791 2982 versiculi

197 3012 419 3069 Greca
444 3031 508 3070 ex
540 3017 941 3085 manuscriptis
965 3027 1263 3075 eruuntur:
1296 3016 1480 3070 Latina
1510 3033 1572 3071 ex
1602 3018 1790 3073 Hiero-

201 3116 418 3173 nymo,
446 3107 535 3174 qui
568 3108 727 3161 addit
776 3106 1003 3161 Senam
1044 3106 1328 3161 editionem
1376 3108 1594 3174 prodere
1623 3109 1789 3162 mani-

203 3186 522 3245 Festissime
556 3202 996 3246 sacramentum.
1028 3192 1125 3244 llic
1156 3200 1332 3245 autem
1361 3194 1635 3262 interpres,
1671 3211 1789 3263 pcr-
1814 3230 1857 3289 Ο

204 3273 364 3332 inde
400 3290 552 3348 atque
586 3281 928 3349 prmcedens,
961 3280 1275 3348 paraphrasi
1321 3282 1596 3349 gaudebat,
1632 3293 1687 3336 ut
1734 3285 1787 3337 in

34 3420 37 3441 Ι
202 3362 358 3421 loco
386 3369 491 3435 jam
518 3372 686 3423 allato
721 3370 1170 3437 deprehenditur,
1202 3369 1325 3423 licet
1351 3370 1481 3422 nihil
1511 3371 1581 3422 ibi
1609 3371 1786 3425 eﬂ‘erat

202 3459 344 3511 nisi
372 3470 594 3513 mentem
629 3459 921 3514 ilebraicre
949 3457 1259 3525 Scripturaa.
1296 3457 1484 3512 Verum
1526 3460 1578 3512 in
1622 3460 1786 3514 altero

32 3444 37 3639 ‘
198 3543 355 3609 nius
382 3545 495 3600 loco
520 3546 679 3613 longe
714 3546 984 3614 majorem
1015 3546 1346 3611 exspatiandi
1382 3546 1641 3599 licentiam
1672 3549 1785 3600 ani-

198 3543 355 3609 .jus
382 3545 495 3600 loco
520 3546 679 3613 longe
714 3546 984 3614 majorem
1015 3546 1346 3611 exspatiandi
1382 3546 1641 3599 licentiam
1672 3549 1785 3600 ani-

200 3635 552 3689 lznadvertas.
613 3636 818 3689 Psalm.
886 3648 1086 3697 xxxvi,
1147 3634 1247 3697 55,
1307 3633 1520 3688 llebrsea
1568 3636 1643 3688 sic
1693 3637 1785 3690 ha-

201 3716 399 3777 bent:
425 3735 544 3810 πίνη
567 3736 748 3785 mm:
781 3732 1018 3788 min-im
1055 3732 1197 3805 Vina
1224 3734 1350 3787 ruri
1391 3732 1570 3787 inin-1.
1608 3724 1657 3777 id
1682 3736 1780 3789 est.

202 3738 399 3777 ment:
425 3738 544 3810 pan
567 3738 748 3785 mm:
781 3738 1018 3788 mimum
1055 3738 1197 3805 γῆν
1224 3738 1350 3787 rm
1391 3738 1570 3787 inim.
1608 3738 1657 3777 ιιι
1682 3738 1780 3789 est.

38 3738 45 3907 ἣ
208 3811 347 3863 ridi
374 3814 579 3881 impium
610 3814 909 3881 terriﬁcum
945 3813 1319 3880 ttiﬂ‘undentem
1351 3828 1403 3865 se
1441 3814 1574 3864 sicut
1603 3813 1780 3867 laurus

212 3899 438 3963 uiridis,
475 3903 604 3963 sive,
637 3911 695 3953 ut
729 3900 1103 3968 Hieronymus
1128 3898 1306 3963 habet,
1330 3899 1463 3950 sicut
1491 3899 1781 3966 indigenam

220 3987 495 4053 uirentem,
521 3992 610 4044 ubi
634 3990 891 4059 Vulgata,
918 3990 1025 4041 uidi
1050 3990 1263 4056 impium
1287 3987 1780 4056 superexaltatumet

206 4077 481 4130 (levatum
505 4082 640 4132 sicut
681 4082 868 4133 cedros
900 4078 1125 4142 Libani;
1154 4078 1309 4133 Sexta
1339 4093 1464 4130 vero
1497 4078 1571 4130 sic
1597 4096 1610 4130 :
1633 4079 1780 4131 Εἶδον

212 4167 404 4235 ἀσεϐῆ
442 4171 528 4221 καὶ
550 4170 745 4238 ἀναιδῆ
785 4168 1222 4237 ἀντιποιούμενον
1246 4171 1301 4221 ὲν
1330 4167 1667 4238 σκληρότητι,
1691 4170 1780 4221 καὶ

238 4250 470 4319 λέγοντα,
497 4258 623 4325 Εἰμὶ
643 4258 719 4320 ὡς
742 4255 1019 4324 αὐτοχθὼν
1042 4255 1350 4325 περιπατῶν
1377 4257 1430 4307 ἐν
1455 4256 1774 4327 δικαιοσύνῃ.

44 4332 51 4441 ]
246 4338 302 4394 1d
326 4356 435 4396 est:
480 4345 593 4398 Vidi
628 4347 852 4414 impium
891 4354 941 4398 et
975 4345 1318 4412 impudentem
1365 4345 1465 4396 sibi
1512 4345 1776 4398 vindican-

258 4437 343 4481 tem
384 4434 432 4483 in
479 4434 700 4497 duritia,
739 4442 791 4486 et
840 4433 1101 4484 dicentem
1128 4449 1146 4485 :
1183 4430 1309 4485 Sum
1357 4433 1488 4484 sicut
1537 4432 1775 4501 indigena

1909 712 2050 769 erat,
2113 711 2172 757 ut
2212 704 2374 772 liquet
2408 718 2471 758 ex
2513 705 2629 772 ejus
2680 704 2974 773 fragmento
3033 725 3151 777 cap.
3190 726 3251 774 ιι,
3292 712 3347 775 4,
3382 722 3437 767 et

1906 806 1969 844 ex
2012 800 2134 844 nota
2158 792 2460 862 Hieronymi
2493 792 2685 846 ibizlem
2716 795 2768 861 it.
2802 796 2886 850 ll.
2916 795 3011 851 llic
3058 807 3232 852 autem
3270 801 3433 855 inter-

1906 897 2026 950 pres
2048 883 2221 936 locum
2250 898 2407 950 supra
2435 883 2648 935 allatum
2686 885 2738 951 ᾗ.
2776 884 2860 945 15,
2893 902 3047 953 quem
3079 886 3431 959 Hieronymus

1904 968 2143 1034 queritur
2197 983 2226 1020 a
2285 967 2601 1038 Symmacho
2654 979 2707 1022 et
2766 969 3125 1028 Theodotione
3180 976 3430 1034 Ebionteo

1906 1071 2051 1109 more
2079 1071 2287 1109 versum
2319 1055 2481 1111 fuisse
2508 1058 2608 1111 hoc
2630 1066 2804 1125 pacto,
2830 1076 3058 1127 egressus
3087 1080 3139 1117 es
3170 1076 3223 1116 ut
3254 1068 3431 1119 salva-

1905 1159 1982 1196 res
2009 1146 2249 1213 populum
2279 1156 2439 1211 tuum,
2477 1156 2533 1198 ut
2567 1148 2791 1201 calcares
2826 1148 3088 1204 Christum
3130 1162 3304 1219 tuum,
3333 1154 3431 1210 Ju—

1903 1232 2055 1286 daico
2084 1248 2299 1301 prorsus
2323 1249 2466 1287 more
2491 1237 2766 1301 convertit,
2794 1238 2876 1290 his
2906 1239 3112 1294 verbis:
3142 1243 3429 1315 Ἀνεφὰνης

1902 1322 1991 1374 ἐπὶ
2025 1323 2256 1393 σωτηρίᾳ
2284 1324 2372 1375 τοῦ
2409 1324 2533 1376 λαοῦ
2565 1341 2673 1387 σου,
2718 1324 2970 1395 ῥύσασθαι
2997 1331 3121 1392 τοὺς
3151 1331 3429 1395 ἐκλεκτούς

1904 1426 2015 1461 σου·
2046 1412 2341 1477 Apparuiin
2371 1430 2520 1480 super
2555 1415 2723 1467 salute
2753 1418 2925 1483 populi
2961 1419 3055 1480 tui,
3100 1421 3167 1470 ad
3200 1422 3428 1477 liberau-

1900 1498 2022 1551 dum
2064 1501 2245 1552 electos
2291 1510 2424 1565 tuos,
2468 1502 2556 1554 ubi
2602 1518 2789 1556 nomen
2837 1504 3033 1559 Christi
3080 1508 3131 1559 in
3168 1508 3432 1564 llebraico

1899 1602 2207 1656 expressum
2248 1598 2444 1669 Tum
2479 1592 2528 1643 iu
2569 1593 2763 1646 electos
2815 1596 3038 1647 vertitur
3078 1612 3090 1646 :
3129 1600 3266 1665 quod
3303 1617 3430 1655 sane

1898 1679 1981 1729 vir
2023 1677 2354 1733 Christianus
2394 1696 2498 1732 non
2555 1681 2756 1735 fecerit.
2795 1682 2868 1734 Ex
2926 1684 3027 1738 hoc
3080 1687 3202 1740 item
3259 1692 3433 1757 capite

1898 1764 2307 1832 deprehenditur
2343 1768 2484 1821 hunc
2525 1771 2863 1836 interpretem
2905 1774 3188 1828 admodum
3250 1795 3427 1849 παρασ

1899 1854 2203 1920 φραστικῶς
2234 1857 2471 1921 vertisse,
2502 1869 2558 1911 ut
2585 1860 2826 1927 quisquis
2851 1862 3028 1915 videre
3063 1868 3248 1931 possit.

1968 1941 2057 1997 llis
2096 1944 2273 2012 itaque
2304 1948 2612 2013 perspectis,
2648 1951 2924 2003 dicendum
2952 1963 3134 2014 restat,
3179 1965 3284 2009 tres
3310 1958 3430 2014 illas

1897 2029 2260 2095 superadditas
2288 2032 2565 2095 editiones,
2596 2035 2748 2104 longe.
2783 2037 3016 2091 liberiori
3044 2042 3424 2110 interpretandi

1895 2128 2082 2181 genere
2105 2116 2444 2172 concinnatus
2471 2118 2653 2185 fuisse,
2688 2140 2845 2190 quam
2870 2127 3152 2181 editionem
3184 2131 3426 2200 Symma-

1894 2201 1999 2263 chi,
2030 2202 2119 2269 qui
2150 2212 2331 2256 tameu'
2354 2206 2522 2272 magis
2550 2224 2708 2275 quam
2733 2212 2921 2279 Aquila
2952 2223 3005 2267 et
3032 2214 3325 2272 Theodotio
3354 2223 3429 2275 ab

1895 2286 2147 2342 llebraica
2177 2291 2346 2344 littera
2379 2292 2624 2348 deflectit.

1961 2374 2072 2430 Erit
2105 2376 2238 2431 forte
2264 2380 2357 2446 qui
2396 2381 2645 2436 reclamet
2678 2385 2743 2438 iis
2793 2402 2911 2453 qua
2959 2403 3120 2457 supra
3156 2393 3416 2455 diximus,

1894 2479 2082 2533 nempe
2122 2476 2229 2520 tres
2264 2469 2382 2523 illas
2422 2474 2787 2539 superadditas
2835 2478 3116 2543 editiones,
3143 2480 3419 2548 Quintam,

1895 2550 2105 2606 Sextam
2147 2565 2198 2608 et
2228 2555 2539 2624 Septimam,
2571 2561 2639 2614 ab
2666 2559 2895 2631 Origene
2926 2568 3125 2633 positas
3164 2569 3331 2624 fuisse
3364 2573 3418 2625 in

1891 2641 2185 2697 minoribus
2230 2647 2519 2713 prophetis,
2565 2658 2617 2702 et
2669 2651 2778 2705 haec
2823 2654 3087 2721 objiciat:
3137 2655 3193 2709 In
3239 2660 3425 2714 codice

1891 2730 2176 2787 Barberino
2205 2735 2421 2790 aﬂ‘ertur
2460 2738 2608 2793 locus
2636 2741 2766 2795 Osee
2796 2759 2911 2811 cap.
2954 2760 3029 2807 ιι,
3066 2763 3115 2800 v.
3152 2749 3202 2812 l,
3229 2752 3416 2805 eodem

1890 2823 2253 2878 columnarum
2278 2828 2458 2880 ordine
2479 2845 2585 2896 quo
2612 2831 2661 2882 in
2686 2830 2932 2901 Hexaplis
2961 2845 3093 2898 erat,
3120 2839 3207 2891 ubi
3234 2850 3410 2894 tamen

1889 2926 1985 2965 nec
2031 2912 2246 2978 Quinta,
2297 2932 2395 2969 nec
2436 2918 2614 2981 Sexta,
2673 2937 2768 2974 nec
2803 2922 3032 2991 Septima
3081 2940 3413 2996 comparent,

1888 3003 2025 3055 unde
2055 3007 2203 3072 sequi
2235 3006 2439 3059 videtur
2468 3008 2583 3061 illas
2614 3012 2868 3066 editiones
2904 3016 2956 3067 in
2990 3019 3259 3084 prophetis
3301 3021 3402 3072 mi-

1888 3090 2105 3144 noribus
2144 3108 2247 3145 non
2280 3096 2530 3150 adfuisse.
2568 3097 2837 3165 Reponam
2874 3117 2971 3171 ego
3013 3121 3075 3156 ex
3109 3108 3293 3159 eodem
3324 3125 3418 3162 co-

1887 3179 2001 3233 dice
2047 3181 2352 3249 Barberino,
2385 3188 2556 3253 palam
2593 3204 2728 3251 esse,
2765 3191 2816 3243 in
2853 3195 3150 3248 minoribus
3182 3201 3409 3265 pr0phe-

1885 3268 1952 3319 tis
1978 3270 2092 3324 illas
2118 3273 2374 3328 editiones
2399 3291 2518 3328 cum
2553 3278 2670 3330 aliis
2695 3278 2947 3345 adfuisse,
2980 3285 3407 3351 quandoquidem

1883 3356 1955 3409 ibi
1983 3360 2146 3412 multa
2179 3363 2375 3427 passim
2405 3363 2519 3417 loca
2543 3380 2607 3417 ex
2640 3367 2808 3419 tribus
2844 3369 2949 3422 illis
2984 3373 3263 3436 postremis
3294 3375 3407 3427 edi-

1882 3444 2116 3501 tionibus
2151 3451 2440 3505 all‘eruntur
2480 3471 2492 3506 :
2543 3469 2665 3508 cum
2708 3468 2881 3510 autem
2937 3459 3185 3516 librarius
3216 3464 3270 3517 in
3318 3465 3414 3521 illo

1881 3533 2234 3605 Hexaplorum
2280 3544 2567 3608 specimine
2618 3558 2847 3612 quatuor
2891 3550 3064 3601 solum
3118 3552 3402 3620 editiones,

1881 3641 2066 3693 nempe
2094 3627 2314 3696 Aquilm,
2342 3630 2663 3701 Symmachi,
2691 3635 2798 3688 τῶν
2823 3638 2895 3698 0',
2922 3646 2974 3691 et
3000 3638 3401 3708 Theodotionis,

1879 3716 2074 3781 posuit,
2109 3718 2160 3770 id
2205 3720 2462 3775 arbitratu
2501 3740 2599 3776 suo
2649 3724 2801 3790 fecit;
2833 3729 2943 3780 sive
2989 3731 3111 3797 quia
3161 3740 3267 3785 tres
3300 3733 3403 3787 illa:

1878 3812 2157 3870 postrema:
2204 3808 2463 3864 editiooes
2500 3826 2619 3865 cum
2673 3814 2938 3879 prioribus
2987 3819 3403 3887 concordabant,

1878 3892 1989 3946 sive
2011 3893 2112 3946 alia
2150 3894 2216 3948 de
2252 3911 2433 3950 causa.
2466 3898 2617 3953 Certe
2656 3901 2707 3953 in
2741 3904 3027 3969 specimine
3069 3908 3159 3959 illo
3197 3910 3404 3962 colum-

1876 3996 1995 4033 nam
2024 3980 2352 4048 Hebraicam,
2382 3984 2652 4041 Hebraicis
2684 3989 2873 4043 litteris
2897 3991 3402 4063 descriptam,'pra2-

1876 4067 2102 4119 termisit
2131 4067 2235 4127 ille.
2284 4071 2380 4123 etsi
2427 4072 2708 4127 verisimile
2740 4075 2808 4129 sit
2846 4091 2964 4130 eam
3010 4078 3064 4132 in
3110 4082 3397 4150 exemplari

1874 4169 1973 4208 suo
1997 4156 2229 4211 adfuisse
2261 4173 2379 4212 cum
2420 4161 2558 4215 aliis.

1977 4243 2062 4297 Vl.
2093 4245 2167 4298 De
2200 4246 2431 4316 Vulgata!
2454 4250 2690 4303 editionis
2730 4250 2931 4309 Latina;-
2958 4262 3280 4324 prastantia.

1937 4332 2052 4387 Jam
2081 4335 2171 4388 ubi
2202 4336 2267 4389 de
2295 4345 2526 4391 veterum
2562 4341 2885 4399 editinuibus
2914 4347 3158 4417 singulis,
3188 4367 3306 4419 quae
3337 4354 3390 4407 in

1871 4427 2116 4497 Hexaplis
2139 4431 2310 4483 locum
2342 4433 2623 4494 habebant.
2654 4435 3025 4506 disseruimus,
3054 4453 3216 4497 restat
3241 4454 3298 4498 ut
3325 4446 3393 4500 de

46 4500 51 4623 ἦ
258 4520 502 4575 ambulans
539 4525 592 4575 in
636 4523 892 4587 iustitia:
948 4536 1070 4589 quae
1121 4536 1248 4574 sane
1285 4520 1625 4589 paraphrasin
1654 4500 1770 4574 non
1804 4530 1844 4583 ι)
1873 4519 2092 4588 Vulgata
2136 4521 2318 4576 Latina
2371 4532 2550 4577 nostra
2596 4540 2763 4592 pauca
2807 4528 3067 4594 dicamus,
3121 4548 3280 4601 quam
3326 4533 3389 4589 D.

258 4611 395 4664 modo
423 4614 651 4681 sapiunt,
683 4614 778 4667 sed
807 4613 976 4666 etiam
1007 4625 1260 4677 superare
1299 4610 1563 4663 videntur.

777 4700 847 4755 γ.
882 4703 955 4753 De
989 4699 1239 4766 Septima.

313 4785 530 4857 Septima
562 4790 733 4844 editio
762 4788 1136 4843 Christianine
1181 4802 1245 4839 an
1277 4784 1441 4840 Judaei
1476 4787 1773 4855 interpretis

258 4873 317 4927 sit
348 4892 407 4931 ex
448 4893 554 4931 uno
598 4877 877 4931 Habacuci
911 4875 1122 4928 cantico
1166 4876 1443 4944 dijudicari
1491 4885 1689 4944 potest;
1726 4877 1771 4931 si

258 4969 406 5018 tamen
437 4966 687 5035 Septima
719 4966 793 5020 sit
824 4964 1193 5031 interpretatio
1227 4965 1416 5019 cantici
1456 4967 1635 5030 totius,
1675 4966 1771 5018 ibi-

255 5052 354 5106 dem
392 5056 607 5109 editioni
656 5054 769 5107 τῶν
826 5057 884 5105 0'
933 5052 1235 5119 subjuncta,
1285 5053 1427 5121 quod
1472 5069 1596 5107 sane
1655 5055 1769 5122 plus

255 5092 353 5106 νυ...
392 5092 607 5109 πων...
668 5092 766 5107 .w.
830 5092 869 5105 ν
934 5092 1235 5119 ..υνμηνηη
1285 5092 1427 5121 qu...
1472 5092 1596 5107 sm...
1656 5092 1769 5122 ,μησ

14 5092 29 5201 l
251 5155 383 5207 quam
421 5143 720 5197 verisimile
766 5140 1033 5194 arbitror.
1078 5138 1130 5191 in
1177 5149 1297 5193 nota
1340 5143 1530 5210 quippe
1574 5143 1769 5196 codicis

248 5230 511 5296 Barberini,
566 5234 661 5286 ubi
709 5246 778 5285 ea
835 5231 1048 5296 integra
1100 5230 1434 5293 describitur,
1488 5232 1769 5285 adnotatur

239 5334 336 5374 aut
376 5323 681 5376 versionem
734 5333 848 5372 nec
894 5316 1114 5382 Aquilae,
1156 5334 1253 5373 nec
1299 5319 1621 5388 Symmachi,
1669 5333 1767 5372 nec

236 5408 598 5465 Thcodotiouis
623 5423 778 5470 esse,
808 5404 1474 5490 disquirendumque‘num
1507 5409 1572 5459 ad
1602 5406 1767 5472 Quin-

232 5509 318 5553 tam
342 5503 420 5556 vel
459 5502 526 5554 ad
560 5500 803 5553 Senam
855 5492 1141 5546 editionem
1175 5497 1447 5564 pertineat.
1485 5495 1614 5547 Cum
1644 5511 1768 5563 ergo

228 5584 412 5646 aliunde
442 5590 636 5651 etiam,
658 5595 881 5650 nempe
907 5594 976 5631 ex
1002 5579 1297 5648 fragmentis
1320 5598 1439 5651 qua:
1466 5595 1765 5651 supersunt,

223 5680 397 5735 εατωω
437 5679 931 5747 aptamque
966 5668 1052 5728 sit,
1088 5673 1276 5726 nullius
1312 5686 1496 5725 eorum
1524 5686 1637 5725 esse
1676 5674 1765 5740 qui

209 5768 353 5840 supra
390 5772 824 5825 memorantur,
875 5756 1116 5823 segnitur
1156 5761 1291 5817 haud
1330 5760 1488 5815 dubie
1517 5774 1631 5814 esse
1673 5761 1765 5815 Se-

1873 4606 2220 4678 llieronymus
2252 4611 2437 4664 harum
2463 4615 2700 4667 omnium
2725 4617 3015 4671 editionum
3045 4621 3391 4685 adminiculo,

1869 4712 2079 4752 summo
2125 4700 2301 4752 labore
2350 4710 2403 4754 et
2459 4705 2797 4772 accuratione
2849 4709 3205 4762 concinnavit.
3275 4708 3388 4765 Etsi

1867 4803 2025 4854 porro
2055 4804 2174 4841 cum
2207 4791 2657 4858 interpretaretur,
2698 4794 2929 4864 Hexapla
2975 4799 3085 4864 ipsa
3123 4813 3230 4866 pra:
3276 4816 3389 4854 ma-

1867 4877 2023 4931 nibus
2050 4878 2311 4941 habuerit,
2345 4896 2446 4934 non
2489 4882 2574 4936 ille
2603 4885 2820 4937 fortuito
2853 4886 3102 4940 lectiones
3131 4888 3388 4958 interpre-

1867 4969 2197 5037 tationesque
2233 4973 2495 5038 quaslibet
2522 4975 2947 5042 amplexabatnr;
2988 4976 3078 5027 sed
3125 4991 3246 5031 cum
3287 4979 3383 5032 de-

1864 5054 1998 5108 lectu
2026 5065 2079 5109 et
2098 5059 2319 5112 consilio
2347 5060 2769 5114 doctissimorum
2798 5077 2861 5113 ex
2897 5060 3128 5116 Hebraeis
3155 5078 3243 5118 eas
3264 5081 3386 5134 qua

1865 5144 2105 5198 meliores
2126 5156 2177 5199 et
2197 5147 2260 5200 ad
2290 5163 2463 5200 veram
2492 5147 2731 5200 llehraici
2758 5149 3075 5216 exemplaris
3096 5150 3378 5206 lectionem

1863 5235 2361 5289 accommodatiorcs
2381 5245 2551 5296 erant,
2570 5234 2752 5289 Latine
2772 5238 3066 5305 exprimere
3089 5241 3380 5308 satagebat.

1861 5324 2100 5392 Aquilam
2125 5334 2177 5377 et
2198 5325 2592 5394 Symmachum,
2624 5325 2965 5394 interpretum
2996 5330 3231 5381 omnium
3257 5344 3381 5396 pra:-

1862 5411 2237 5475 stantissimos,
2268 5414 2469 5466 caneris
2492 5413 2753 5468 anteferre
2782 5416 3018 5479 solebat;
3053 5415 3107 5467 in
3152 5415 3379 5468 Psalmis

1861 5509 2035 5552 autem
2077 5510 2129 5553 et
2172 5502 2437 5568 prophetis
2482 5502 2770 5570 majoribus
2815 5503 3142 5572 frequentius
3185 5503 3377 5570 Aquila

1859 5604 2018 5656 quam
2050 5588 2366 5657 Symmacho
2407 5606 2534 5645 usus
2552 5605 2668 5646 esse
2697 5590 3142 5661 deprehenditur;
3175 5589 3227 5639 in
3255 5602 3377 5652 pro-
3459 5642 3464 5650 ε

1859 5677 2031 5744 phetis
2055 5691 2180 5729 vero
2210 5678 2504 5732 minoribus
2533 5696 2638 5734 non
2671 5697 2790 5734 raro
2833 5680 3084 5744 Quintam
3133 5672 3375 5724 adhibuit

1859 5763 2161 5818 editionem.
2195 5762 2490 5835 Aliquando
2526 5768 2705 5832 etiam,
2758 5765 2938 5820 missis
2977 5757 3182 5813 ca’teris
3210 5755 3377 5806 inter-
