3878 6394
633 429 699 483 99
1912 424 2413 479 PREUMINARIA

631 542 883 612 pretibus.
937 540 1069 592 LXX
1101 540 1407 605 editionem,
1449 549 1626 610 utpote
1673 538 1930 594 Hebraico
1979 541 2141 594 textui
2169 549 2214 603 Α
2239 548 2338 605 est,
2363 539 2729 600 occurrebant,
2763 538 3049 607 diligentia
3082 534 3440 606 solertiaque
3465 549 3600 590 usus
3624 549 3680 589 se

632 630 1078 699 propinquiorem,
1126 630 1479 698 sequebatur;
1525 645 1623 685 nec
1664 629 2021 699 infrequenter
2052 646 2147 682 no-

630 735 746 771 vam
774 719 857 770 ille
881 727 931 771 et
953 733 982 771 a
1011 719 1215 772 caeteris
1235 720 1495 773 diversam
1522 719 2003 787 interpretationem
2026 718 2149 771 effe-

629 807 796 868 rebat,
830 807 1039 875 quando
1077 809 1296 871 scilicet,
1340 808 1599 863 consultis
1645 806 1982 862 Hebraeorum
2030 821 2148 859 ma-

628 895 826 964 gistris,
857 897 1055 949 nullam
1083 912 1144 950 ex
1171 897 1326 950 editis
1360 897 1570 965 penitus
1606 898 1866 965 quadrare
1909 895 2149 949 animad-

627 986 880 1040 vertebat.
918 985 1035 1039 Pari
1076 987 1127 1039 in
1176 987 1336 1041 variis
1364 987 1643 1056 dubiisque
1680 986 1920 1041 Hebraici
1966 998 2145 1037 exem-

627 1075 792 1144 plaris
820 1075 1154 1139 lectionibus,
1182 1092 1299 1145 quae
1323 1076 1643 1145 frequenter,
1670 1085 1728 1131 ut
1754 1090 1911 1145 supra
1945 1075 2145 1128 dictum

2243 637 2325 682 est
2380 628 2762 698 Hieronymus;
2806 629 2897 696 qui
2924 637 3013 682 out
3065 626 3347 695 optimam
3402 624 3681 692 deligeret,

2244 719 2400 771 modo
2438 717 2721 786 Scriptura:
2754 734 2920 773 saerze
2954 717 3197 782 seriem,
3232 715 3333 770 sed
3368 714 3539 768 etiam
3582 713 3684 769 Heb

2244 822 2360 859 rum
2387 807 2731 874 peritissimos
2756 806 2956 860 adibat.
2985 804 3185 870 Quare
3212 805 3356 857 nihil
3375 805 3580 856 mirum
3612 805 3657 857 si

2246 895 2440 960 studio,
2488 902 2701 964 tamque
2757 896 2941 950 solerti
2986 910 3169 964 opera
3204 893 3476 948 emissam
3521 893 3683 947 editio

2245 991 2426 1051 utpote
2453 985 2689 1038 omnium
2718 984 3272 1053 prazstantissimam,
3308 982 3560 1037 Ecclesia
3593 980 3684 1035 Ro:

2246 1072 2316 1125 ab
2344 1073 2592 1127 omnibus
2621 1073 2946 1141 sequendam
2974 1087 3108 1126 esse
3143 1071 3409 1125 edixerit.

1769 1334 2138 1423 CAPUT
2211 1328 2680 1420 NONUM.

862 1483 929 1542 in
970 1482 1252 1561 singulos
1297 1485 1628 1562 Scriptura)
1668 1484 1881 1558 libros,
1914 1491 1984 1545 ut
2027 1483 2094 1543 in
2146 1480 2443 1558 Hexaplis
2475 1484 2672 1554 erant,
2703 1478 2804 1538 hic
2833 1477 3132 1555 quaedam
3170 1477 3590 1541 adnotantur.

885 1638 904 1665 Ι

699 1702 884 1773 Opera:
911 1708 1134 1775 pretium
1166 1709 1268 1761 erit
1293 1710 1380 1763 hic
1417 1710 1652 1780 singulos
1686 1712 1969 1782 Scriptum
1993 1731 2155 1770 sacra:

631 1792 794 1848 libros
827 1795 996 1849 obiter
1026 1810 1354 1862 percurrere,
1389 1805 1440 1849 et
1486 1800 1724 1866 quaedam
1764 1802 2015 1856 adnotare
2039 1819 2156 1872 qua:

630 1890 743 1937 tum
777 1884 839 1937 de
871 1885 985 1952 ipso
1030 1885 1384 1954 Hexaplorum
1433 1898 1570 1940 statu
1614 1900 1667 1942 et
1717 1892 1920 1953 ordine,
1953 1902 2061 1946 tum
2091 1895 2155 1948 de

633 1975 701 2027 iis
729 1991 847 2042 quae
880 1991 975 2028 nos
1000 1976 1050 2027 in
1085 1992 1405 2045 unoquoque
1432 1978 1567 2030 libro
1593 1980 1955 2046 praestitimus,
1977 1983 2157 2037 obser-

631 2064 800 2115 vanda
824 2073 1126 2131 supersunt.

705 2150 757 2203 ln
803 2151 993 2206 Genesi
1039 2162 1090 2206 et
1136 2153 1187 2205 in
1235 2154 1483 2221 Levitico,
1527 2166 1703 2226 atque,
1737 2167 1795 2211 ut
1834 2159 2060 2224 videtur,
2103 2159 2156 2214 in

635 2240 755 2294 aliis
790 2240 1130 2295 Pentateuchi
1161 2244 1329 2310 libris,
1365 2254 1554 2312 prmter
1587 2262 1677 2301 sex
1711 2248 1829 2301 illas
1860 2250 2153 2313 columnas,

635 2330 827 2399 quibus
854 2330 1084 2401 Hexapla
1126 2336 1598 2399 constituebantur,
1635 2336 1828 2403 Quinta
1861 2341 2019 2392 etiam
2049 2341 2161 2393 edi-

635 2422 728 2481 tio,
762 2421 807 2474 si
852 2421 979 2475 lides
1009 2432 1091 2475 est
1132 2423 1442 2491 fragmentis
1483 2442 1601 2494 quae
1642 2438 1959 2495 supersunt,
2001 2445 2154 2483 suum

634 2511 844 2563 tenebat
891 2511 1098 2576 locum;
1154 2512 1366 2565 Sextam
1421 2514 1579 2566 etiam
1632 2516 1867 2569 adfuisse
1914 2519 2157 2587 superius

634 2599 912 2667 probatum
950 2610 1051 2653 est.
1086 2600 1344 2655 Praeterea
1383 2603 1646 2657 interdum
1681 2607 1898 2658 aderant
1936 2610 1987 2659 in
2018 2624 2159 2661 mar-

635 2688 870 2757 ginibus,
902 2697 961 2742 ut
989 2691 1199 2757 quidem
1226 2691 1529 2758 opinamur,
1560 2694 1812 2748 lectiones
1841 2694 2159 2750 Samaritani

639 2778 960 2847 interpretis,
995 2789 1153 2846 atque
1181 2782 1339 2834 etiam
1388 2780 1592 2836 Hebraei
1636 2785 1910 2851 cujusdam
1950 2795 2002 2839 et
2041 2785 2158 2856 Syri

639 2866 957 2934 interpretis,
985 2867 1048 2921 de
1078 2867 1271 2935 quibus
1309 2869 1425 2922 fuse
1465 2885 1581 2938 cap.
1616 2872 1665 2923 1.
1696 2869 1804 2923 Etsi
1839 2882 2012 2925 autem
2041 2883 2160 2927 tan-

639 2963 744 3008 tam
780 2971 844 3008 ex
880 2958 1252 3025 manuscriptis
1294 2966 1347 3011 et
1390 2973 1457 3011 ex
1491 2959 1645 3013 editis
1687 2960 1836 3013 libris
1876 2961 2158 3015 lectionum

637 3046 995 3101 accessionem
1025 3045 1327 3113 fecerimus,
1373 3056 1429 3102 ut
1454 3048 1519 3103 iis
1547 3060 1866 3117 comparata:
1894 3052 2013 3116 illae,
2043 3067 2160 3121 quae

637 3148 667 3186 a
714 3131 904 3186 Drusio
951 3134 1182 3188 collecta:
1241 3144 1400 3199 sunt,
1453 3137 1791 3204 paucissimae
1848 3138 2159 3204 videantur;
2188 3154 2229 3209 ο
2264 3167 2405 3219 “(me

636 3221 791 3289 longe
818 3222 1067 3290 majorem
1095 3223 1231 3276 haud
1262 3224 1420 3277 dubie
1447 3224 1639 3278 facturi
1671 3241 1903 3289 eramus,
1936 3227 2037 3281 nisi
2070 3226 2165 3279 Ba-

638 3312 867 3365 siliensis
895 3311 1061 3366 codex
1096 3322 1203 3367 tota
1238 3329 1371 3382 pene
1413 3314 1600 3369 Genesi
1639 3324 1934 3387 temporum
1969 3317 2165 3385 injuria

638 3401 925 3456 mulctatus
974 3401 1181 3456 fuisset.
1233 3402 1387 3458 llunc
1433 3413 1608 3458 tamen
1653 3403 1918 3460 defectum
1958 3407 2165 3460 abunde

638 3501 984 3559 compensant
1021 3491 1314 3562 fragmenta
1359 3502 1595 3548 veterum
1639 3494 1987 3563 interpretum
2032 3496 2165 3550 bene

640 3580 803 3634 multa
851 3596 916 3634 ex
959 3580 1285 3635 Coisliniano
1340 3582 1431 3635 illo
1481 3583 1795 3652 perantiquo
1843 3584 2023 3638 codice
2072 3584 2164 3638 de-

637 3685 836 3742 cerpta.

708 3761 764 3814 lu
795 3761 976 3817 Exodo
1002 3778 1097 3831 par
1129 3761 1402 3831 diligentia
1433 3762 1502 3817 ab
1533 3760 1760 3832 Origene
1785 3762 2017 3816 adhibita
2046 3762 2163 3816 fue—

639 3864 741 3910 rat.
775 3854 872 3908 Hic
900 3856 1112 3923 perinde
1152 3866 1309 3923 atque
1341 3854 1395 3907 in
1425 3854 1615 3909 Genesi
1661 3852 2014 3914 Samaritani,
2048 3852 2165 3923 Syri

638 3951 693 3995 et
719 3940 923 3996 Hebraei
951 3943 1203 3997 lectiones
1231 3942 1597 3997 observantur.
1622 3940 1699 3994 Ex
1723 3940 1917 4009 Quinta
1938 3941 2167 3996 editione

639 4034 793 4101 nihil,
821 4050 919 4089 nec
945 4035 1065 4088 inde
1098 4045 1272 4089 tamen
1308 4033 1502 4088 inferas
1545 4049 1649 4087 non
1692 4032 1924 4086 adfuisse
1950 4033 2002 4084 in
2030 4031 2167 4084 Exo-

637 4123 707 4177 do
732 4138 746 4174 :
781 4140 904 4177 nam
927 4124 1018 4192 qui
1053 4133 1159 4177 tam
1186 4138 1383 4192 paucas
1410 4138 1475 4177 ex
1503 4123 1621 4176 aliis
1658 4121 1995 4174 Pentatenchi
2020 4121 2167 4174 libris

634 4212 891 4266 exhibent
930 4213 1277 4279 manuscripti
1309 4212 1539 4272 codices,
1585 4226 1690 4262 non
1734 4210 1925 4262 mirum
1960 4210 2005 4262 si
2052 4209 2168 4261 nul—

638 4300 746 4354 lam
781 4301 833 4352 in
866 4299 1050 4354 Exodo
1081 4301 1372 4353 attulerint.
1407 4300 1684 4354 Lectiones
1716 4314 1877 4367 porro
1908 4299 2168 4368 interpre-

640 4397 776 4453 tum,
801 4389 963 4443 vicies
985 4390 1169 4444 saltem
1199 4390 1465 4445 auctiores
1488 4390 1808 4459 proferimus
1842 4404 2000 4457 quam
2026 4389 2165 4458 apud

639 4476 891 4533 Drusium
921 4478 1261 4532 haberentur.
1292 4479 1346 4532 ln
1366 4480 1645 4547 postremis
1669 4479 1954 4547 capitibus,
1986 4479 2077 4533 ubi
2104 4494 2166 4533 ea

641 4585 762 4638 qua:
793 4569 846 4623 in
877 4569 1107 4623 editione
1128 4568 1233 4620 τῶν
1261 4573 1313 4622 0'
1338 4579 1654 4638 przepostere
1680 4569 1849 4638 posita
1874 4577 2045 4632 erant,
2068 4583 2166 4623 suo

643 4661 817 4717 ordini
859 4661 1091 4716 restituit
1134 4658 1411 4730 Origenes,
1457 4678 1563 4715 non
1607 4675 1777 4729 pauca
1825 4674 1890 4712 ex
1936 4659 2168 4713 editione

641 4752 730 4806 illa
763 4750 1037 4819 hexaplari
1067 4750 1145 4804 sic
1170 4750 1411 4803 restituta
1429 4789 1443 4814 ,
1473 4764 1594 4803 cum
1621 4747 1890 4802 asteriscis
1922 4754 1975 4799 et
2001 4745 2167 4799 obelis

640 4841 959 4909 proferimus
980 4856 1045 4895 ex
1069 4840 1249 4895 codice
1276 4840 1579 4894 Colbertino
1600 4836 1992 4906 antiquissimo,
2014 4834 2168 4904 cujus

644 4931 912 4998 specimen
958 4932 1200 4986 dedimus
1244 4931 1653 5001 Palaograplu'w
1699 4929 1891 4983 Graeca:
1942 4927 2035 4981 lib.
2086 4942 2165 4993 in,

641 5033 760 5087 cap.
795 5020 846 5071 1.

711 5104 769 5159 In
809 5104 1042 5159 Levitieu
1083 5108 1264 5162 eadem
1307 5110 1657 5165 observantur
1698 5121 1816 5175 quae
1856 5105 1909 5158 in
1963 5104 2166 5160 Exodo.

644 5195 824 5250 Lectio
855 5193 1063 5258 Quinta:
1093 5198 1341 5254 editionis
1368 5200 1591 5254 habetur
1619 5197 1684 5251 ad
1720 5210 1837 5264 cap.
1862 5202 1899 5247 it
1927 5192 2167 5248 Levitici.

648 5285 742 5338 Hie
786 5283 1122 5338 Colbertinus
1170 5287 1325 5357 longe
1371 5291 1524 5359 plura
1581 5285 1881 5358 suppeditat
1921 5298 2081 5352 quam
2115 5283 2169 5337 in

646 5373 863 5438 Exodo,
905 5386 971 5425 ex
1009 5373 1239 5430 editione
1265 5378 1370 5431 τῶν
1402 5383 1455 5432 0'
1487 5379 1805 5450 Origeuiana
1855 5375 1966 5429 sive
2004 5375 2169 5427 hexa-

645 5463 797 5532 plari.
833 5460 1112 5515 Lectiones
1140 5472 1314 5519 autem
1352 5477 1588 5523 veterum
1632 5468 2006 5536 interpretum,
2037 5477 2172 5531 quas

646 5567 839 5624 magno
870 5566 1090 5605 numero
1112 5552 1454 5623 proferimus,
1480 5575 1666 5616 omnes
1689 5572 1823 5630 pene
1847 5569 2018 5620 novae,
2044 5568 2170 5608 nec-

645 5641 770 5695 dum
803 5639 1096 5694 observatae
1128 5648 1271 5693 sunt.

716 5730 788 5786 De
823 5727 1172 5785 Numerorum
1215 5731 1350 5788 libro
1374 5732 1524 5805 paria
1567 5734 1813 5791 dicimus.
1856 5714 1953 5788 Hic
1997 5739 2172 5787 tamen

2182 1626 2251 1638 -μ

2257 1714 2389 1769 nihil
2419 1729 2480 1767 ex
2523 1711 2716 1776 Quinta
2753 1709 2991 1764 editione
3022 1717 3339 1777 comparet.
3364 1708 3587 1778 Aliquot
3621 1709 3672 1763 in

2257 1809 2449 1861 inserta
2479 1803 2897 1872 conspiciuntur,
2932 1808 2991 1853 et
3036 1800 3271 1868 quidem
3305 1798 3379 1851 ab
3413 1799 3552 1867 ipso,
3583 1808 3638 1852 ut
3667 1816 3684 1868 ι

2257 1905 2360 1959 tur,
2386 1891 2630 1961 Origene,
2665 1890 2781 1943 loca
2804 1888 2913 1951 illa,
2951 1904 3080 1957 qua:
3112 1890 3168 1943 in
3197 1889 3555 1945 Samaritano
3584 1898 3684 1943 text

2253 1981 2663 2037 Deuteronomio
2696 1980 2748 2031 in
2777 1977 3050 2033 Numeros
3092 1981 3363 2035 translata
3408 1980 3638 2033 fuerant.
3671 1982 3684 2042 4

2255 2074 2374 2127 dam
2417 2072 2657 2127 similiter
2712 2085 2775 2123 ex
2818 2069 3063 2124 editione
3112 2070 3230 2123 τῶν
3274 2076 3351 2135 0',
3388 2072 3684 2139 Origenian:

2257 2162 2409 2216 fidem
2443 2160 2642 2215 codicis
2688 2158 2986 2213 Colbertini
3036 2176 3165 2214 cum
3222 2162 3505 2216 asteriscis
3555 2169 3605 2215 et
3656 2177 3684 2212 ο

2256 2250 2556 2304 referuntur
2592 2266 2604 2300 :
2638 2247 3004 2315 lectionesque
3053 2249 3420 2319 interpretum
3461 2251 3657 2310 mulce,

2256 2355 2375 2394 rum
2401 2337 2735 2407 paucissima:
2775 2336 3080 2391 observata:
3117 2338 3342 2393 fuerant
3372 2356 3404 2394 a
3433 2340 3642 2394 Drusio.

2324 2430 2382 2481 ln
2425 2428 2557 2480 libro
2606 2426 3028 2491 Deuteronomii,
3082 2427 3219 2481 nihil
3259 2444 3329 2482 ex
3376 2428 3684 2496 Origeniana

2257 2520 2525 2589 hexaplari
2560 2518 2799 2571 habetur.
2825 2516 3035 2571 Caetera
3063 2534 3199 2573 vero
3223 2520 3417 2574 eadem
3453 2519 3583 2585 fere,
3616 2534 3682 2589 qu

2255 2609 2391 2661 libro
2431 2605 2817 2670 Numerorum,
2871 2605 3317 2672 conspiciuntur.
3362 2605 3610 2661 Veterum
3651 2607 3684 2659 ii

2257 2698 2596 2767 pretationes,
2620 2711 2787 2749 novas
2807 2710 2948 2763 pene
2978 2710 3197 2760 omnes,
3222 2697 3523 2760 aﬂ‘crimus,
3553 2706 3605 2752 et
3634 2696 3684 2765 pl

2263 2804 2422 2858 quam
2454 2788 2505 2840 in
2538 2785 2656 2841 aliis
2686 2785 2859 2838 libris.

2326 2896 2381 2949 In
2414 2896 2550 2948 libro
2576 2893 2740 2948 Josue
2777 2894 2967 2947 eadem
3018 2895 3587 2966 prastititOrigenes,
3614 2911 3683 2963 qu:

2258 2996 2369 3041 toto
2414 2984 2791 3039 Pentateucho.
2849 2982 3163 3040 Editionem
3221 2996 3400 3042 tamen
3448 2986 3684 3053 Quintam

2261 3093 2366 3131 non
2400 3076 2657 3144 adiecisse
2687 3074 2920 3129 videtur.
2948 3075 3096 3131 Loca
3136 3078 3372 3145 plurima
3405 3080 3586 3132 mutila
3616 3079 3666 3131 in

2431 3165 2534 3218 τῶν
2567 3168 2643 3226 O’,
2677 3181 2741 3218 ex
2766 3166 2891 3221 aliis
2933 3168 3326 3238 interpretibus
3356 3169 3612 3233 restituit,
3643 3182 3684 3235 al

2262 3255 2380 3309 sitis
2406 3254 2694 3317 asteriscis,
2723 3270 2846 3322 quae
2888 3270 3014 3322 nos,
3043 3268 3102 3311 ut
3137 3267 3293 3312 erant
3333 3259 3388 3311 in
3435 3258 3612 3312 codice
3652 3256 3684 3308 Β

2261 3343 2445 3407 liensi,
2472 3343 2588 3396 sine
2637 3343 2912 3399 asteriscis
2957 3346 3258 3412 nimirum,
3298 3348 3587 3410 edidimus,
3616 3354 3665 3399 et

2259 3448 2428 3501 pauca
2474 3448 2540 3485 ex
2596 3432 2929 3488 Coisliniano
2975 3436 3168 3491 codice
3215 3438 3530 3507 adjecimus.
3583 3435 3680 3488 Dru

2259 3538 2387 3577 vero
2441 3520 2762 3590 paucissima
2815 3524 3092 3580 attulerat.
3142 3526 3281 3592 Quid
3336 3541 3463 3581 vero
3513 3537 3679 3580 causa:

2262 3627 2358 3666 cur
2389 3611 2639 3665 lectiones
2666 3625 2695 3663 a
2725 3612 2885 3668 nobis
2925 3615 3121 3679 aliaue,
3157 3632 3282 3670 cum
3321 3616 3426 3670 illis
3454 3628 3586 3684 quas
3606 3611 3679 3663 Ma

2262 3716 2385 3757 cum
2435 3700 2705 3754 asteriscis
2757 3701 2959 3766 edidit,
3011 3719 3252 3774 persazpe
3300 3720 3407 3759 non
3453 3702 3678 3758 censenti

2262 3791 2402 3845 haud
2430 3789 2640 3844 diﬁicile
2676 3798 2757 3844 est
2799 3792 3121 3862 intelligere.
3151 3795 3287 3849 Cum
3325 3795 3467 3849 enim
3494 3792 3682 3846 Masius

2264 3880 2378 3948 ipse
2408 3879 2739 3944 testificatur,
2773 3880 2844 3933 ad
2871 3882 2988 3937 haec
3018 3884 3347 3939 restituenda
3384 3883 3559 3937 codice
3588 3880 3684 3949 Syri

2264 3970 2335 4023 sit
2370 3982 2521 4032 usus,
2564 3977 2623 4021 ut
2658 3969 2945 4025 lectionem
2992 3971 3234 4028 Graecam
3267 3973 3494 4043 Syriacae
3524 3986 3620 4038 ope
3648 3984 3684 4023 ai

2264 4065 2545 4127 queretur,
2582 4074 2719 4128 szepe
2762 4061 3022 4118 divinarit
3069 4074 3299 4134 oportet.
3340 4062 3681 4130 Quamobrem

2264 4149 2467 4202 ctiones
2511 4158 2705 4203 nostra:
2754 4149 2916 4221 longe
2960 4155 3283 4209 sinceriores
3330 4162 3454 4209 sunt
3497 4147 3684 4220 quaml

2266 4253 2445 4291 Slallae.

2332 4350 2392 4403 In
2418 4351 2557 4405 libro
2582 4349 2832 4407 Iudicum
2873 4355 3030 4425 longe
3072 4358 3226 4426 plura
3271 4373 3429 4427 quam
3465 4357 3518 4409 in
3549 4354 3677 4407 libro

2196 4469 2240 4524 ι)
2267 4455 2386 4500 sue,
2412 4440 2464 4491 in
2504 4439 2735 4493 editione
2768 4441 3044 4511 hexaplari
3077 4445 3146 4498 ab
3174 4443 3400 4514 Origene
3438 4442 3667 4496 restituta

2268 4527 2686 4598 prehenduntur,
2720 4546 2840 4598 quae
2883 4548 2947 4587 ex
2996 4532 3361 4589 Theodotione
3405 4543 3465 4587 ut
3509 4529 3684 4600 plurim

2265 4624 2540 4671 mutuatus
2575 4625 2656 4670 est
2695 4614 2972 4689 Origenes.
3001 4619 3077 4674 Ea
3125 4637 3253 4676 vero
3299 4638 3440 4675 nunc
3480 4621 3684 4687 primum

2266 4705 2438 4759 lucem
2467 4706 2690 4772 edimus,
2717 4705 2945 4763 Drusius
2979 4710 3120 4764 enim
3152 4711 3261 4765 fere
3293 4710 3424 4764 nihil
3447 4708 3643 4762 habuit.
3674 4706 3684 4753 ε

2265 4794 2371 4864 pite
2419 4803 2593 4848 autem
2643 4810 2785 4848 nono
2834 4813 2897 4851 ac
2933 4798 3172 4864 decimo,
3205 4800 3443 4868 quaedam
3493 4792 3684 4861 bexaplt

2267 4883 2371 4936 τῶν
2397 4885 2450 4936 0'
2475 4884 2720 4938 editionis
2761 4901 2824 4940 ex
2855 4887 3215 4940 vetustissimo
3241 4886 3366 4940 folio
3390 4894 3570 4940 nostro
3594 4894 3684 4935 mal

2268 4973 2469 5041 scripto
2501 4971 2863 5041 proferuntur.

2338 5082 2393 5135 In
2441 5082 2579 5137 libro
2627 5082 2797 5149 Ruth,
2843 5085 2943 5139 etsi
2985 5084 3133 5153 paria
3172 5083 3471 5152 praestiterit
3513 5079 3684 5147 Origeu

2267 5172 2398 5226 nihil
2424 5187 2558 5243 pene
2585 5187 2770 5226 eorum
2803 5183 3062 5241 superest.

2334 5283 2392 5336 In
2416 5282 2568 5338 libris
2598 5280 2860 5337 Samuelis
2883 5291 2935 5337 et
2956 5282 3156 5352 Regum
3182 5283 3337 5338 solita
3362 5279 3617 5335 industria
3643 5289 3684 5329 ui

2268 5371 2520 5442 Origenes
2564 5373 2991 5442 deprehenditur.
3036 5374 3110 5426 lbi
3151 5374 3308 5426 etiam
3360 5372 3477 5443 Syri
3527 5367 3684 5423 lectim

2268 5477 2375 5517 non
2408 5477 2530 5516 raro
2560 5462 2867 5517 afferuntur.
2902 5459 3143 5515 Monetur
3172 5471 3346 5515 autem
3375 5462 3429 5513 in
3463 5458 3565 5513 fine
3595 5454 3684 5523 prii

2268 5567 2435 5606 unum
2464 5553 2589 5606 olim
2633 5552 2795 5606 fuisse
2831 5550 3023 5603 librum
3068 5549 3344 5614 Samuelis,
3391 5548 3481 5618 qui
3518 5542 3684 5599 duosl

2270 5639 2485 5694 diernos
2507 5637 2969 5709 complectebatur,
2996 5652 3094 5691 nec
3136 5637 3375 5706 Aquilam
3396 5634 3630 5690 divisisse
3655 5642 3684 5695 p

2273 5745 2417 5785 mum
2448 5744 2479 5784 a
2507 5729 2759 5786 secundo.
2799 5726 2980 5797 Magna
3022 5741 3180 5796 porro
3207 5736 3436 5780 veterum
3466 5725 3684 5788 interpre
