3878 6364
196 447 286 505 lttl
1450 463 1520 518 IN
1557 460 1874 518 HEXAPLA

198 569 393 620 tionum
420 553 582 649 silva.
614 570 796 625 quam
854 562 1146 637 edimus,
1181 591 1341 632 nunc
1367 579 1543 648 primo
1579 579 1754 649 prodit
1775 579 1829 631 in
1857 581 1901 637 Δ

1929 576 2072 630 arida
2152 577 2262 646 τῆς
2357 583 2649 648 σωτηρίας

200 657 388 710 lucem;
420 643 651 737 Druslus
678 663 824 737 vero
852 654 1021 711 nihil
1062 675 1217 729 pene
1247 643 1554 737 collegerat.

267 737 320 789 ln
344 732 493 787 libris
532 731 1053 824 Paralipomenon
1099 764 1285 816 pauca
1337 731 1691 824 Hexaplorum
1719 755 1828 810 fra-

215 831 405 898 gmenta
431 823 789 890 exhibemus,
822 829 973 895 quia
1008 836 1313 893 rarissima
1342 840 1395 893 in
1426 823 1522 896 hos
1551 844 1830 897 Commen-

222 914 343 969 taria
371 927 399 965 a
436 913 640 980 priscis
671 915 1089 985 scriptoribus
1133 927 1285 980 edita
1331 939 1456 984 sunt
1485 946 1498 981 :
1530 940 1583 984 et
1618 933 1667 984 iu
1710 949 1827 985 ma-

230 1005 529 1073 nuscriptis,
585 1015 855 1061 veterum
915 1012 1306 1085 interpretum
1362 1020 1615 1077 lectiones
1666 1023 1826 1078 infre—

229 1106 436 1167 guenter
461 1096 863 1165 proferuntur.

300 1180 356 1238 ln
391 1186 547 1239 libros
586 1184 814 1252 Esdras,
860 1187 1190 1259 Nehemite,
1225 1193 1466 1253 Estheris
1495 1199 1625 1251 nihil
1654 1198 1829 1253 Hexa-

179 1268 436 1368 θλοτυπι
464 1279 923 1347 ευρετεει,ιὶίοοι
965 1281 1271 1353 Origenes,
1303 1296 1360 1340 ut
1386 1288 1650 1352 existimo,
1683 1290 1733 1342 in
1762 1290 1827 1344 iis

236 1366 470 1427 ﬁamdem
494 1380 660 1435 quam
692 1366 754 1419 in
788 1371 1023 1424 caeteris
1057 1386 1279 1438 operam
1313 1377 1603 1429 navaverit.
1633 1375 1825 1431 Verum

273 1456 329 1511 'in
349 1459 592 1512 codicibus
626 1458 727 1527 qui
758 1460 816 1512 in
852 1476 1066 1514 manus
1104 1462 1432 1528 inciderunt,
1470 1467 1600 1519 nihil
1630 1470 1826 1537 margi-

240 1547 444 1601 nalium
479 1555 759 1607 notarum,
794 1548 941 1600 nihil
969 1552 1486 1606 commentariorum
1514 1554 1680 1608 adest.

316 1635 375 1689 In
404 1637 537 1690 libro
563 1644 744 1689 autem
774 1634 885 1689 Job
910 1637 1048 1705 quid
1081 1640 1383 1706 praestiterit
1405 1642 1676 1711 Origenes,
1711 1646 1823 1713 ipse

205 1727 486 1781 declarat
512 1727 563 1779 in
595 1726 843 1794 Epistola
872 1726 944 1779 ad
968 1725 1286 1782 Africanum
1319 1749 1332 1782 :
1366 1732 1523 1800 hujus
1553 1735 1637 1788 hic
1664 1738 1821 1791 verba

213 1818 588 1885 subiicimus.

318 1929 393 1982 Ex
436 1929 537 1983 Job
582 1930 752 1984 etiam
804 1929 876 1982 ab
924 1928 1013 1982 his

217 2021 425 2075 verbis
458 2040 471 2074 :
508 2020 783 2089 Scriptum
805 2029 882 2073 est
913 2036 1014 2072 au-
1096 2016 1234 2083 Ἰὼϐ,
1261 2020 1329 2072 τὰ
1356 2023 1462 2074 ἀπὸ
1492 2024 1583 2076 τοῦ
1612 2026 1818 2093 Femu-

212 2118 536 2185 temipsum
559 2126 1008 2175 resurrecturum,
1080 2121 1220 2161 πται
1270 2111 1336 2163 δὲ
1394 2115 1576 2167 αὐτὸν
1636 2117 1816 2171 πάλιν

204 2221 359 2257 cum
396 2205 589 2275 quibus
620 2204 887 2257 Dominus
920 2219 1007 2255 re-

199 2298 440 2365 -urgit,
477 2311 660 2364 usque
709 2295 778 2349 ad
821 2294 1007 2355 linem,

197 2385 387 2449 haec,
443 2387 709 2456 inquam,
767 2400 876 2438 non
908 2399 1007 2439 ex-

194 2486 389 2532 stant
448 2478 596 2547 apud
666 2475 928 2557 Hebrteos
989 2491 1004 2526 :

197 2582 409 2634 quare
438 2582 541 2622 nec
575 2567 726 2636 apud
751 2566 1005 2635 Aquilam

212 2657 537 2721 labentur;
561 2657 661 2711 sed
694 2657 838 2724 apud
863 2654 999 2708 LXX

210 2756 299 2799 «et
340 2747 476 2815 apud
530 2746 969 2800 'l‘beodotiouem
987 2786 1003 2808 ,

214 2838 417 2905 quoad
497 2853 728 2893 sensum
812 2837 1002 2890 eadem

228 2938 391 2981 :sunt.
434 2929 725 2983 lnnumera
783 2941 1005 2995 quoque

240 3017 353 3070 alia
396 3018 702 3071 invenimus
755 3017 812 3069 in
865 3014 998 3080 Job’,

246 3119 362 3162 tum
390 3111 686 3165 deﬁcientia
709 3151 725 3175 ,
760 3119 879 3163 tum
917 3124 1003 3162 re-

252 3198 530 3253 dundantia
631 3199 689 3252 in
793 3199 1003 3251 nostris

252 3289 636 3356 exemplaribus
653 3328 670 3354 ,
716 3289 761 3343 si
811 3288 974 3342 confe

244 3386 429 3431 rantur
459 3395 579 3433 cum
610 3377 878 3433 Judaicis.
906 3377 1006 3441 De:

1079 2200 1536 2269 ἀναστήσεσθαι,
1548 2211 1673 2277 μεθ’
1684 2206 1767 2263 ὧν
1782 2215 1814 2265 ό

1078 2293 1292 2359 Κύριος
1328 2297 1663 2365 ἀνίστησιν,
1688 2300 1811 2371 ἄχρι

1076 2382 1292 2448 τέλους,
1338 2387 1400 2438 οὐ
1452 2392 1623 2442 κεῖται
1666 2392 1812 2460 παρὰ

1076 2479 1187 2539 τοῖς
1265 2478 1527 2549 Ἑϐραίοις
1555 2500 1567 2511 ’
1629 2483 1811 2554 διόπερ

1076 2567 1191 2620 οὐδὲ
1245 2572 1393 2640 παρὰ
1450 2572 1525 2642 τῷ
1585 2575 1805 2646 Ἀκύλᾳ,

1076 2657 1221 2727 παρὰ
1249 2659 1304 2711 δὲ
1330 2662 1440 2724 τοῖς
1471 2667 1524 2714 0'
1558 2664 1646 2715 καὶ
1683 2664 1807 2718 Θεο-

1073 2747 1278 2800 δοτέωνι
1298 2750 1363 2802 τὰ
1397 2753 1806 2823 ἰσοδυναμοῦντα

1074 2837 1334 2907 ἀλλήλοις.
1394 2842 1501 2894 Kal
1559 2844 1689 2898 ἄλλα
1749 2847 1805 2899 δὲ

1077 2928 1239 2998 μυρία
1305 2929 1532 3001 εὕρομεν
1603 2937 1660 2987 ὲν
1731 2936 1806 3007 τῷ

1085 3017 1203 3069 Ἰὼϐ
1222 3057 1235 3079 ,
1289 3022 1380 3072 καὶ
1429 3024 1544 3075 κατ’
1603 3026 1800 3095 ὀλίγον,

1073 3110 1163 3162 καὶ
1217 3113 1308 3163 ἐπὶ
1369 3114 1525 3168 πλέον
1583 3120 1803 3183 ἐντοῖς

1070 3199 1352 3270 ἡμετέροις
1382 3204 1740 3275 ἀντιγράφοις,
1767 3209 1799 3278 ἢ

1072 3291 1128 3341 ὲν
1171 3293 1280 3354 τοῖς
1324 3294 1468 3363 παρὰ
1517 3292 1798 3361 Ἰουδαίοις·

1071 3384 1189 3432 κατ’
1209 3383 1382 3451 ὀλίγον
1413 3386 1527 3453 μὲν,
1555 3387 1661 3451 ὅτε,
1687 3390 1804 3442 dm—

1167 1928 1322 1981 Ἀλλὰ
1389 1933 1478 1984 καὶ
1548 1934 1651 1987 ἀπὸ
1726 1936 1815 1988 τοῦ
1849 1910 1893 1969 Β
1926 1917 2027 1987 ἐπη
2086 1920 2317 1991 τέσσαρα
2374 1923 2406 1993 ἢ
2478 1925 2633 1995 τρία,

255 3466 471 3523 ﬁcientia
500 3471 744 3539 quidem,
779 3479 840 3523 ut
871 3485 999 3524 cum

254 3557 333 3611 his
352 3561 556 3616 verbis:
578 3561 817 3631 Surgens
843 3578 1000 3614 mane

256 3647 485 3713 offerebat
514 3668 605 3718 pro
633 3652 744 3704 illis
785 3652 999 3717 sacri/i-

255 3738 332 3787 cio
345 3778 361 3802 ,
391 3742 664 3793 secundum
715 3758 998 3794 numerum

255 3840 450 3893 eorum;
491 3831 723 3897 additur,
770 3832 997 3883 vitulum

259 3931 408 3969 unum
466 3938 556 3989 pro
612 3931 834 3990 peccato
897 3916 995 3990 p'ro

258 4009 508 4065 animabus
539 4030 741 4067 eorum.
772 4013 840 4065 Et
866 4029 991 4065 cum

262 4095 363 4150 his:
394 4099 638 4155 Venerunt
664 4102 844 4170 angeli
869 4102 990 4167 Dei,

259 4197 312 4238 ut
340 4201 553 4244 astarent
579 4210 759 4245 coram
788 4193 917 4254 Deo,
944 4203 991 4245 et

264 4277 479 4333 diabolus
525 4285 661 4337 venit
726 4300 849 4335 cum
913 4285 991 4336 eis

266 4368 570 4425 subnectitur
606 4389 618 4423 :
657 4372 990 4427 Circumiens

267 4467 461 4521 terram,
507 4472 553 4516 et
609 4465 989 4532 perambulatis

265 4547 312 4598 in
334 4566 403 4603 ea.
424 4550 678 4607 Praeterea
712 4565 838 4623 post
874 4556 992 4609 hate

265 4641 401 4695 verba
416 4686 428 4707 ,
484 4645 737 4698 Dominus
808 4648 988 4711 dedit,

268 4727 489 4786 Dominus
533 4737 759 4789 abstulit
776 4777 791 4801 ,
842 4737 990 4805 apud

267 4816 487 4879 Hebraeos
516 4842 620 4880 non
656 4836 819 4880 erant
850 4828 989 4891 haec,

263 4910 379 4964 titul
401 4914 616 4969 Domino
640 4918 853 4986 placuit
871 4956 886 4980 ,
914 4918 994 4970 ita

261 4999 428 5066 factum
451 5017 543 5060 est.

313 5114 454 5173 Plura
471 5129 655 5175 autem
677 5121 732 5174 in
762 5120 977 5174 nostris

251 5216 388 5268 quam
433 5208 484 5260 in
529 5206 783 5261 Hebraeis
845 5214 979 5258 sunt

246 5305 299 5346 ea
321 5310 432 5364 qum
480 5297 625 5351 Jobo
656 5297 806 5350 dixit
831 5310 981 5348 uxor

242 5387 343 5453 ejus
412 5391 479 5443 ab
553 5391 645 5444 his
714 5387 976 5441 verbis:

238 5475 491 5548 illamque
501 5476 885 5548 perseverabis
905 5475 985 5525 di-

234 5569 368 5620 ftndo
400 5585 420 5621 .'
487 5569 729 5620 Jlanebo
789 5565 980 5616 adhuc

226 5658 359 5711 Parvo
433 5668 677 5725 tempore
779 5664 977 5707 εκδνϐ-

214 5748 346 5801 εἰσιν
364 5762 510 5817 spem
559 5741 779 5798 salutis
817 5751 980 5799 metu,

1071 3471 1358 3539 στάμενος
1374 3477 1436 3526 τὸ
1453 3477 1597 3542 πρωῒ
1623 3493 1802 3545 προσ-

1069 3560 1238 3629 έφερε
1285 3565 1412 3631 περὶ
1462 3566 1654 3619 αὐτῶν
1703 3573 1801 3622 θυ-

1069 3653 1206 3717 σίας
1242 3656 1385 3709 κατὰ
1420 3657 1523 3709 τὸν
1559 3660 1801 3729 ἀριθμὸν

1068 3742 1277 3796 αὐτῶνθ
1312 3746 1396 3797 τό·
1429 3750 1662 3816 μόσχον
1695 3751 1801 3803 ἕνα

1067 3833 1194 3901 περὶ
1221 3834 1500 3902 ἁμαρτίας
1532 3838 1660 3905 περὶ
1686 3841 1801 3893 τῶν

1066 3922 1278 3990 ψυχῶν
1310 3924 1520 3978 αὐτῶν.
1557 3929 1660 3979 Καὶ
1690 3930 1794 3991 ὅτε,

1064 4007 1249 4078 ἦλθον
1305 4014 1357 4062 οἱ
1409 4010 1639 4079 ἄγγελοι
1694 4017 1796 4069 τοῦ

1068 4100 1210 4152 Θεοῦ
1257 4101 1625 4168 παραστῆναι
1658 4104 1796 4156 ἐνώ-

1065 4208 1200 4244 πιον
1240 4193 1342 4245 τοῦ
1393 4193 1565 4258 Θεοῦ,
1610 4196 1706 4249 καὶ
1764 4200 1796 4250 ό

1062 4282 1334 4349 διάϐολος
1365 4281 1508 4353 ἦλθε
1542 4287 1666 4354 μετ’
1689 4290 1794 4341 αὑ-

1062 4371 1195 4424 τῶνο
1232 4374 1307 4425 τό·
1337 4375 1654 4441 περιελθὼν
1685 4378 1796 4445 τὴν

1062 4462 1192 4531 γῆν,
1213 4464 1305 4516 καὶ
1323 4464 1793 4534 ἐμπεριπατήσας

1059 4553 1129 4605 ἐν
1156 4554 1325 4621 αὐτῇ.
1360 4556 1477 4607 Ἔτι
1515 4556 1570 4609 δὲ
1605 4558 1702 4610 οὐκ
1727 4554 1792 4629 ἦν
1826 4540 1866 4592 D

1062 4646 1188 4715 παρ’
1229 4644 1492 4715 Ἑϐραίοις
1529 4647 1662 4715 μετὰ
1704 4649 1787 4701 τό·

1073 4734 1125 4785 Ὁ
1183 4735 1391 4800 Κύριος
1451 4734 1692 4799 ἔδωκεν,
1760 4741 1793 4791 ὁ

1061 4824 1271 4889 Κύριος
1292 4824 1583 4891 ἀφείλετο·
1615 4827 1692 4891 ὡς
1714 4826 1792 4890 τῷ

1062 4916 1249 4981 Κυρίῳ
1309 4913 1516 4977 ἔδοξεν
1536 4953 1552 4979 ,
1612 4916 1791 4981 οὕτως

1065 5003 1160 5055 καὶ
1193 5002 1441 5072 ἐγένετο.

1133 5116 1355 5168 Πλείονα
1369 5115 1424 5167 δὲ
1450 5117 1505 5166 ὲν
1521 5118 1628 5178 τοῖς
1646 5118 1769 5185 ἡμεο

1062 5201 1233 5271 τέροις
1273 5202 1418 5271 παρὰ
1458 5202 1525 5254 τὰ
1568 5203 1770 5272 Ἐϐραῖ-

1065 5288 1160 5351 κὰ,
1206 5289 1293 5340 ὅτε
1352 5284 1469 5340 εἷπε
1521 5287 1596 5357 τῷ
1650 5290 1766 5341 ’1ὼό

1065 5377 1246 5447 ἠγυνὴ
1291 5376 1472 5439 αὐτοῦ,
1519 5378 1623 5430 ἀπὸ
1650 5377 1763 5443 τοῦ,

1063 5467 1241 5533 Μέχρι
1287 5466 1447 5529 τινος
1502 5466 1768 5532 καρτερή-

1063 5573 1203 5622 σεις,
1215 5557 1420 5625 λέγων·
1453 5556 1766 5613 Ἰδοὺ.ἀνα-

1059 5648 1207 5714 μένω
1223 5651 1439 5717 χρόνον
1452 5649 1537 5701 ἐτι
1555 5652 1763 5718 μικρὸν

1064 5741 1523 5810 προσδεχόμενος
1546 5741 1655 5808 τὴν
1674 5746 1762 5799 ἐλ-

1913 461 2247 519 ΟΒΙΟΕΝῘΒ.
3348 485 3368 535 ί
3381 485 3446 539 οε

2730 598 2899 655 usque
2927 589 2991 643 ad
3028 590 3140 646 haec
3168 595 3348 660 verba,
3389 610 3443 652 ut

2728 681 3044 746 requiescam
3091 685 3154 736 ab
3195 692 3442 744 utrumuis

2729 770 2875 831 meis,
2914 781 2962 823 et
2989 792 3019 825 a
3046 775 3305 830 doloribus
3328 795 3446 848 qua

2726 871 2804 907 me
2846 874 2979 913 nunc
3019 863 3266 920 detinent.
3309 868 3440 924 Nam

2726 947 2818 1017 (in
2850 951 3145 1028 Hebraice)
3186 962 3296 1016 haec
3326 972 3444 1019 tan-

2726 1048 2834 1092 tum
2899 1048 3054 1100 verba
3099 1054 3279 1109 uxoris
3322 1056 3439 1124 ejus

2722 1133 2917 1200 scripta
2950 1148 3095 1206 sunt
3147 1159 3160 1193 :
3213 1142 3313 1197 Sed
3352 1148 3438 1201 dic

2722 1221 2925 1274 verbum
2949 1238 3127 1280 contra
3142 1229 3434 1299 Dominum,

2721 1320 2768 1360 et
2797 1326 3009 1366 morere.

1919 682 2075 733 pou;
2102 666 2206 729 ἕως
2231 666 2347 731 τοῦ,
2381 669 2479 721 ἵνα
2509 671 2648 723 ἀνα-

1927 757 2233 824 παύσωμαι
2263 758 2378 811 τῶν
2399 760 2641 827 μόχθων

1921 863 2035 913 μου
2077 846 2172 900 καὶ
2228 847 2344 900 τῶν
2380 848 2629 912 ὀδυνῶν,

1925 935 1986 986 αἵ
2014 951 2090 1001 με
2136 936 2249 988 νῦν
2284 937 2633 1004 συνέχουσι.

1930 1023 2103 1075 Μόνον
2129 1025 2233 1094 γὰρ
2262 1026 2328 1078 τὰ
2380 1027 2514 1096 ῥητὰ
2539 1028 2637 1096 τῆς

1925 1113 2175 1177 γυναικὸς
2214 1115 2633 1187 ἀναγέγραπται,

1926 1205 2007 1256 τό⁸
2037 1207 2195 1259 Ἀλλ’
2210 1203 2378 1259 εἶπόν
2402 1226 2454 1261 τι
2476 1209 2640 1277 ῥῆμα

1926 1294 2076 1360 πρὸς
2125 1296 2356 1361 Κύριον,
2411 1300 2507 1350 καὶ
2554 1315 2637 1351 τε·

1920 1388 2119 1441 λεύτα.

1992 1473 2154 1525 Πάλιν
2179 1492 2235 1527 τε
2288 1473 2353 1528 αὖ
2406 1477 2625 1532 πλεῖστὰ

1921 1578 1978 1613 τε
2023 1562 2117 1614 ὅσα
2170 1563 2253 1615 διὰ
2296 1566 2455 1633 μέσου
2515 1569 2632 1621 ὅλου

1923 1650 2013 1701 τοῦ
2058 1647 2174 1702 ’1ὼὸ
2206 1657 2333 1724 παρ’
2372 1655 2634 1726 Ἑϐραίοις

1930 1738 2027 1807 μὲν
2052 1744 2242 1805 κεῖται,
2264 1746 2390 1813 παρ’
2421 1747 2544 1813 ἡμῖν
2577 1747 2632 1798 δὲ

1922 1829 2059 1897 οὐχί.
2112 1832 2218 1883 Kal
2248 1833 2500 1897 πολλάκις
2534 1837 2634 1904 μὲν

2797 1471 3027 1529 Rursum
3101 1478 3325 1545 plurima
3384 1483 3437 1536 in

2723 1563 2898 1617 medio
2969 1575 3079 1621 toto
3129 1570 3265 1624 libro
3326 1572 3432 1628 Job

2716 1652 2852 1717 apud
2881 1651 3128 1710 Hebraeos
3162 1663 3438 1727 reperiun-

2716 1742 3011 1808 tur,qutein
3042 1748 3433 1815 exemplaribus
3510 1788 3511 1791 η

2717 1831 2911 1883 nostris
2924 1832 3309 1901 desiderantur;
3329 1855 3426 1894 saa-

2716 2015 2945 2072 quatuor
2970 2011 3050 2063 vel
3092 2022 3236 2075 tres;
3273 2016 3436 2070 inter-

2726 2094 2851 2146 dum
2875 2111 3000 2150 vero
3014 2104 3431 2167 qualuordecim,

2726 2191 3108 2257 novemdecim,
3147 2197 3227 2249 vel
3258 2200 3436 2253 sexde-

2729 2279 2852 2332 cim.
2885 2279 2949 2332 Et
2972 2282 3096 2349 quid
3125 2300 3208 2337 me
3227 2296 3434 2352 oportet

2725 2368 2811 2421 hic
2878 2384 3229 2435 enumerare,
3315 2391 3432 2445 qua:

1922 2009 2033 2063 ἔσθ’
2056 2011 2142 2063 ὅτε
2168 2012 2222 2063 δὲ
2266 2013 2355 2065 καὶ
2381 2012 2632 2068 δεκατέσ-

1922 2118 2059 2171 σαρα
2092 2103 2182 2154 καὶ
2215 2103 2496 2155 δεκαεννέα
2535 2108 2625 2160 καὶ

1915 2194 2122 2257 δεκαέξ.
2143 2196 2251 2247 Καὶ
2271 2197 2323 2247 τί
2355 2213 2418 2265 με
2444 2197 2625 2251 δεῖκα-

1913 2283 2173 2347 ταλέγειν,
2204 2283 2238 2336 ἃ
2275 2284 2405 2354 μετὰ
2435 2285 2622 2339 πολλοῦ

1914 2371 2155 2438 καμάτου
2236 2373 2618 2443 ἀνελεξάμεθα,

1914 2454 2051 2522 ὑπὲρ
2078 2454 2168 2506 τοῦ
2212 2455 2282 2525 μὴ
2342 2456 2620 2511 λανθάνειν
2725 2461 3427 2533 multolaborecollegimus,

1912 2547 2055 2614 ἡμᾶς
2086 2547 2181 2616 τὴν
2209 2549 2465 2619 διαφορὰν
2513 2550 2619 2603 τῶν
2722 2562 2787 2600 ne
2810 2563 2907 2602 nos
2931 2550 3116 2605 lateret
3144 2552 3428 2610 discrimen

1910 2636 2057 2704 παρὰ
2094 2636 2359 2700 Ἰουδαίοις
2381 2639 2471 2692 καὶ
2489 2641 2616 2709 ἡμῖν
2718 2641 2858 2708 quod
2872 2641 3091 2698 Iudaica
3114 2645 3249 2700 inter
3267 2658 3318 2701 et
3333 2662 3431 2703 no~

1907 2729 2274 2799 ἀντιγράφωνς
2718 2738 2824 2781 stra
2847 2733 3085 2801 exempla
3095 2737 3171 2788 ria
3205 2734 3429 2793 interce-

2717 2819 2827 2872 dit?

1975 2903 2030 2957 ln
2064 2905 2199 2959 libro
2242 2907 2402 2976 igitur
2427 2907 2546 2973 Job,
2576 2919 2764 2978 praeter
2798 2897 3007 2962 solitam
3031 2926 3120 2965 sex
3156 2913 3430 2968 columna-

1906 3011 2023 3047 rum
2053 3011 2288 3064 operam,
2318 2996 2570 3067 Origenes
2604 2999 2659 3051 iu
2713 2998 2944 3052 editione
2975 2999 3080 3051 τῶν
3112 3002 3166 3053 0'
3199 3003 3426 3070 plurima

1906 3085 2091 3138 mutila
2108 3100 2175 3138 ex
2203 3085 2585 3149 Theodotioue,
2606 3094 2659 3142 et
2690 3087 2974 3156 aliquando
3004 3102 3064 3141 ex
3091 3090 3209 3143 aliis
3236 3091 3427 3147 editio-

1905 3173 2083 3238 nibus,
2131 3175 2401 3230 asteriscis
2450 3176 2749 3244 praepositis
2779 3177 3119 3242 restauravit,
3153 3187 3206 3231 et
3251 3179 3426 3242 hiatus

1903 3277 2129 3332 magnos
2156 3265 2451 3327 resarcivil,
2481 3272 2539 3317 ut
2566 3269 2678 3333 Ipse
2699 3279 2857 3333 supra
2898 3274 3173 3319 memorat.
3217 3266 3426 3336 Septin-

1899 3359 2087 3418 gentos
2113 3352 2194 3405 vel
2223 3352 2554 3416 octingentos
2575 3354 2864 3407 versiculos
2890 3353 2956 3406 ab
2980 3351 3205 3422 Origene
3231 3356 3423 3425 praedi-

1899 3450 1984 3495 cto
2006 3443 2163 3496 modo
2184 3443 2238 3496 iu
2267 3443 2397 3497 locis
2419 3444 2506 3497 ubi
2540 3444 2757 3498 deerant
2777 3443 3038 3512 repositos
3067 3444 3233 3501 fuisse
3264 3456 3424 3503 testa-

1898 3538 1986 3584 tur
2016 3531 2389 3604 Hieronymus,
2424 3535 2513 3603 qui
2542 3534 2734 3588 librum
2758 3532 2856 3586 Job
2882 3533 2959 3588 sic
2985 3535 3289 3591 restitutum
3318 3536 3421 3593 La-

1895 3619 2005 3672 tine
2054 3622 2338 3685 transtulit,
2393 3630 2451 3675 ut
2484 3623 2707 3678 habetur
2755 3625 2927 3693 primo
2986 3636 3131 3681 tomo
3174 3629 3425 3685 editionis

1894 3706 2115 3762 Joannis
2147 3709 2429 3764 Martiantei
2455 3715 2642 3765 nostri.
2670 3712 2793 3766 Haae
2822 3715 3183 3782 supplementa
3227 3732 3294 3770 ex
3334 3732 3424 3772 co-

1894 3793 2010 3848 dice
2032 3796 2265 3863 quodam‘
2292 3796 2619 3863 Colbertino,
2671 3810 2723 3853 et
2763 3815 2826 3854 ex
2854 3804 3083 3855 editione
3118 3802 3422 3875 Hieronymi

1896 3888 2221 3934 mutuamur.
2253 3881 2511 3938 Praeterea
2541 3886 2792 3940 lectiones
2813 3896 3048 3941 veterum
3076 3890 3420 3959 interpretum

1894 3967 2047 4036 longe
2079 3969 2344 4024 auctiores
2365 3979 2418 4024 et
2438 3975 2823 4028 emendatiores
2854 3976 3065 4039 damus,
3102 3994 3262 4046 quam
3290 3981 3421 4034 Dru-

1895 4055 2006 4109 sius
2028 4056 2284 4111 ediderat.
2326 4058 2422 4113 Hic
2465 4058 2766 4129 frequentes
2806 4061 3096 4118 aﬂ‘eruntur
3142 4066 3416 4130 lectiones,

1893 4140 1994 4194 hac
2021 4143 2213 4210 praevia
2247 4154 2370 4198 nota
2410 4146 2467 4198 Ὀ
2501 4146 2757 4217 Ἐϐραῖος,
2787 4163 2893 4217 qua
2920 4150 2988 4204 de
3031 4166 3088 4206 re
3137 4163 3312 4208 actum
3338 4166 3420 4210 est

1891 4231 2060 4299 capite
2081 4234 2270 4300 primo.

1958 4321 2014 4374 In
2046 4321 2181 4375 libro
2207 4321 2565 4389 Psalmorum,
2588 4334 2779 4394 prater
2803 4341 2893 4382 sex
2917 4329 3100 4384 solitas
3120 4330 3414 4393 columnas,

1892 4411 2161 4467 tres‘alias
2214 4414 2579 4480 superaddldit
2629 4414 2913 4485 Origenes,
2975 4433 3095 4487 qua:
3139 4418 3412 4485 Quintam,

1896 4498 2108 4553 Sextam
2138 4510 2189 4555 et
2217 4501 2505 4572 Septimam
2550 4505 2834 4560 editionem
2876 4507 3228 4562 exhibebant:
3279 4526 3415 4578 qua-

1895 4602 2011 4640 rum
2042 4590 2278 4643 omnium
2340 4591 2592 4647 lectiones
2632 4595 2812 4648 multis
2868 4597 3106 4664 partibus
3151 4600 3413 4653 auctiores

1891 4674 2129 4730 dedimus
2153 4693 2310 4745 quam
2338 4677 2558 4733 Drusius
2586 4681 2841 4735 ediderat.

1961 4756 2015 4816 In
2042 4762 2343 4819 Proverbiis
2373 4767 2585 4822 solitum
2620 4783 2712 4822 sex
2752 4769 3117 4824 columnarum
3140 4784 3274 4839 opus
3299 4772 3415 4826 edi-

1889 4849 1968 4905 dit
1998 4851 2272 4921 Origenes.
2306 4853 2498 4910 Multas
2536 4872 2661 4910 vero
2709 4873 2893 4912 earum
2929 4859 3181 4914 lectiones
3202 4876 3266 4914 ex
3295 4863 3409 4917 edi-

1888 4939 2030 4994 tione
2061 4943 2296 4995 Romana
2335 4944 2553 5011 protulit
2580 4944 2826 5007 Drusius,
2865 4945 3060 5013 quibus
3091 4962 3191 5002 nos
3210 4949 3411 5019 aliquot

1884 5032 2190 5100 adjecimus,
2215 5041 2267 5086 et
2297 5047 2402 5087 non
2429 5049 2624 5101 paucas
2654 5034 3065 5090 emendavimus.

1955 5119 2010 5174 In
2044 5120 2362 5177 Ecclesiaste
2384 5124 2531 5191 paria
2558 5124 2802 5191 praestitit
2826 5124 3178 5193 llexaplorum
3203 5138 3408 5185 auctor.

1882 5211 1958 5265 lbi
2013 5227 2141 5266 vero
2209 5214 2459 5268 lectiones
2513 5215 2646 5269 bene
2696 5216 2891 5271 multas
2946 5216 3225 5273 Drasianis
3267 5221 3412 5289 adje-

1879 5301 2070 5355 cimus.

1946 5392 2001 5444 ln
2027 5390 2262 5445 Canticis
2290 5390 2432 5455 item,
2458 5397 2646 5457 prater
2676 5390 2929 5461 Hexapla,
2956 5391 3076 5446 dua:
3103 5394 3291 5447 saltem
3313 5408 3402 5446 co-

1878 5481 2073 5532 lumna:
2097 5478 2311 5546 adjecta:
2334 5478 2561 5541 fuerant,
2596 5495 2781 5548 nempe
2822 5480 3028 5546 Quintae
3074 5490 3129 5533 et
3184 5479 3355 5532 Sextia
3387 5497 3401 5532 :

1878 5586 1944 5623 an
1984 5567 2213 5637 Septima
2240 5568 2364 5620 item
2392 5568 2554 5628 editio
2603 5569 2849 5631 adfuerit,
2901 5572 3191 5631 incertum;
3245 5567 3407 5629 Quin-

1878 5668 1984 5712 tam
2010 5672 2133 5710 vero
2155 5662 2208 5708 et
2231 5654 2443 5710 Sextam
2466 5657 2699 5711 adfuisse
2721 5660 2946 5727 probant
2963 5655 3268 5707 earumdem
3289 5653 3403 5704 loca

1874 5763 1993 5818 quae
2021 5756 2327 5815 supersunt.
2391 5745 2741 5816 Hieronymus
2789 5757 2964 5799 tamen
3000 5737 3315 5792 Prelatione
3347 5738 3402 5789 iu

2718 1919 2836 1984 pius
2881 1919 3093 1987 quidem
3135 1924 3431 1996 (versiculi)
3530 1964 3547 1973 -
