3878 6336
627 435 726 489 103

1912 421 2418 479 ΡΚΑΞΙΔΜΝΔΒΙΑ

622 553 920 612 Canticum,
949 549 1197 613 Quintam
1233 547 1404 602 solum
1429 545 1712 601 editionem
1747 553 2032 608 meruerat,
2061 551 2144 597 at-
2175 546 2213 600 A
2241 551 2288 594 et
2315 541 2560 609 Origenes
2613 540 2675 593 de
2709 535 3070 594 Theodotionis
3111 549 3265 602 opere
3311 533 3366 586 in
3408 532 3632 586 editione
3661 529 3684 583 1

620 659 726 712 que
757 643 830 694 ita
860 639 1095 708 loquitur
1121 657 1135 692 :
1163 623 1170 626 ’
1197 637 1438 707 Origenes
1491 653 1608 690 cum
1655 638 1708 690 in
1749 637 1944 690 cwteris
1967 635 2143 688 °libris

621 745 793 782 omitas
821 728 1018 786 uicerit,
1053 729 1106 780 in
1137 726 1356 780 Cantica
1400 727 1717 778 canticorum
1762 727 1868 792 ipse
1913 741 1966 776 se
2002 725 2141 776 vicit.

623 818 760 874 Nam
791 819 963 872 decem
1015 817 1356 871 voluminibus
1391 815 1646 884 explicitis
1667 855 1680 877 ,
1733 831 1846 883 qua:
1871 813 1939 864 ad
1965 813 2144 880 riginti

621 923 774 977 usque
810 923 1042 960 uersuum
1109 907 1275 958 millia
1332 921 1454 972 pene
1501 905 1790 970 pervenirent
1835 919 1852 962 ς
1921 903 2143 968 primum

617 995 762 1050 [XX
800 998 1144 1062 Interpretes,
1196 993 1376 1046 deinde
1427 993 1666 1062 Aquilam
1703 990 2143 1058 et-Symmachum

616 1095 664 1140 et
690 1085 1098 1145 Thcodotionem,
1119 1094 1166 1136 et
1189 1084 1254 1135 ad
1277 1093 1556 1136 extremum
1580 1080 1824 1144 Quintam
1849 1081 2140 1140 editionem,

617 1191 773 1244 quam
827 1177 878 1228 in
927 1175 1075 1226 Actio
1102 1174 1274 1227 littore
1305 1172 1555 1224 invenisse
1606 1188 1658 1223 se
1689 1173 1892 1230 scribit,
1941 1179 2040 1222 etc.
2070 1169 2144 1222 De

621 1267 778 1321 Sexta
797 1281 924 1318 vero
954 1265 1208 1327 editione,
1259 1279 1378 1331 quae
1401 1274 1571 1315 tamen
1627 1262 1678 1314 in
1705 1260 1939 1314 Canticis
1973 1257 2144 1312 llexa-

619 1357 720 1428 plis
750 1365 882 1418 erat,
917 1371 982 1408 ne
1012 1355 1233 1408 verbum
1266 1355 1477 1422 quidem
1507 1353 1890 1421 Hieronymus;
1947 1351 2058 1403 sive
2081 1349 2145 1402 il-

617 1445 724 1500 lam
749 1445 1030 1498 editionem
1053 1443 1339 1510 neglexerit
1375 1443 1626 1511 Origenes
1653 1441 1705 1492 iu
1736 1438 2142 1492 Commentariis

618 1535 748 1596 suis,
777 1536 888 1589 sive
936 1535 1078 1586 illam
1127 1533 1480 1602 Hieronymus
1524 1529 1919 1600 prmtermiserit
1955 1545 1967 1580 :
2001 1528 2143 1594 quod

615 1625 960 1680 verisimilius
981 1633 1092 1689 est;
1119 1639 1238 1676 nam
1273 1633 1329 1676 ut
1368 1623 1476 1690 jam
1512 1636 1652 1689 saepe
1683 1620 1934 1682 vidimus,
1971 1635 2033 1671 ex
2073 1618 2146 1672 si-

617 1716 780 1770 lentio
809 1715 1138 1783 huiusmodi.
1163 1713 1294 1766 nihil
1325 1721 1497 1780 potest
1536 1709 1798 1764 concludi.
1833 1709 1890 1761 In
1914 1707 2142 1761 Cauticis

617 1821 742 1860 vero
776 1817 963 1874 praeter
989 1805 1297 1866 Drusianas,
1331 1803 1460 1855 alias
1485 1803 1612 1856 bene
1634 1802 1827 1854 multas
1853 1799 2140 1867 adjecimus

617 1903 851 1947 veterum
883 1893 1220 1960 interpretum
1253 1891 1525 1942 lectiones.

686 1982 745 2035 In
771 1981 957 2036 Hesaia
1013 1991 1201 2050 praeter
1258 1979 1553 2047 Hexaplare
1597 1993 1752 2046 opus,
1797 1993 1904 2030 non
1961 1991 2143 2044 paucae

619 2069 739 2141 Syri
775 2071 1028 2124 lectiones
1077 2068 1516 2121 observabuntur.
1551 2065 1623 2118 Ibi
1659 2079 1786 2119 vero
1833 2065 2144 2130 interpreta-

619 2161 794 2214 tiones
843 2159 1067 2226 Aquilae,
1124 2155 1428 2226 Symmachi
1459 2164 1512 2209 et
1556 2153 1934 2208 Theodotionis
1991 2153 2144 2220 longe

619 2253 882 2304 auctiores
912 2250 1102 2302 damus
1130 2263 1288 2315 quam
1321 2247 1460 2315 apud
1488 2244 1737 2298 Drusium
1762 2245 2072 2297 habeantur.

688 2337 994 2391 aneremia
1037 2347 1228 2405 praeter
1257 2337 1396 2388 illam
1451 2350 1544 2388 sex
1597 2334 1965 2387 columnarum
2020 2345 2145 2398 ope-

617 2439 756 2490 ram,
797 2427 961 2478 multa
987 2442 1051 2479 ex
1103 2425 1465 2478 Thcodotioue
1517 2438 1638 2476 cum
1679 2421 1952 2476 asteriscis
1993 2420 2146 2473 resti-

617 2516 723 2570 tuit
753 2513 1026 2582 Origenes,
1061 2529 1178 2580 quae
1207 2512 1346 2564 LXX
1385 2514 1707 2579 Interpretes
1733 2511 1978 2563 consulto
2018 2525 2145 2576 prae-

618 2604 980 2667 termiseraut,
1021 2616 1078 2656 ut
1134 2606 1208 2656 ait
1255 2603 1546 2670 smpissime
1608 2600 1962 2670 llieronymus
1993 2599 2145 2652 Com-

617 2691 870 2746 mentario
900 2694 953 2744 in
988 2689 1290 2744 Jeremiam.
1325 2689 1396 2742 11ιί
1421 2691 1582 2742 multa
1614 2705 1734 2743 cum
1761 2687 2028 2741 asteriscis
2052 2686 2146 2740 ad-

617 2779 728 2832 dita
777 2787 920 2842 sunt,
968 2779 1248 2844 multaeque
1285 2777 1721 2845 transpositiones
1774 2785 1945 2839 erant,
1989 2785 2046 2828 ut
2073 2776 2146 2829 ait

618 2865 874 2934 Origenes
895 2867 1051 2934 epist.
1115 2867 1180 2919 ad
1237 2865 1540 2920 Africanum
1577 2884 1590 2918 :
1645 2864 1819 2917 Πολλὰ.
1855 2865 1909 2916 δὲ
1928 2863 2148 2917 τοιαῦτα

617 2957 712 3009 καὶ
742 2958 796 3009 ἐν
823 2955 898 3024 τῷ
941 2955 1172 3027 Ἱερεμίᾳ
1219 2958 1610 3024 κατενοήσαμεν
1630 2993 1644 3018 ,
1681 2957 1734 3006 ἐν
1834 2954 1926 3006 καὶ
1958 2951 2148 3021 πολλὴν

621 3045 898 3115 μετάθεσιν
923 3046 1014 3097 καὶ
1037 3043 1325 3113 ἐναλλαγὴν
1345 3045 1440 3113 τῆς
1471 3043 1662 3108 λέξεως
1687 3041 1791 3096 τῶν
1824 3057 2149 3112 προφητευσ-

2242 643 2366 702 gata
2397 632 2671 686 asteriscos
2717 630 2907 698 posuit,
2954 627 3144 678 docens
3179 624 3412 692 defuisse
3451 639 3566 692 qua:
3605 623 3684 674 adt

2241 733 2668 786 sunt;etrursus
2704 719 2952 789 quosdam
3003 731 3185 770 versus
3239 712 3402 766 obelis
3461 724 3684 780 prtcnota

2241 813 2503 880 superﬂua
2526 826 2734 880 qua'que
2759 811 3052 876 designans.
3106 807 3344 872 Cumque
3376 819 3549 855 omnes
3593 802 3682 855 Clu

2243 903 2510 962 Ecclesiae,
2537 911 2641 952 tam
2671 898 2966 952 Cra’corum
3015 913 3176 965 quam
3233 895 3568 956 Latinorum,
3623 891 3684 962 Sy

2243 1007 2456 1060 rumque
2478 1001 2524 1044 et
2550 989 2934 1057 Egyptiorum,
2965 987 3101 1040 hanc
3133 984 3230 1037 sub
3259 985 3530 1038 asteriscis
3561 993 3607 1036 et
3629 984 3683 1035 ob

2242 1083 2511 1134 editionem
2545 1081 2732 1147 legant.
2792 1077 3062 1145 ignoscant
3115 1075 3284 1128 invidi
3329 1073 3500 1126 labori
3544 1089 3669 1135 meo,

2240 1172 2376 1224 volui
2405 1169 2579 1222 haberi
2634 1179 2833 1220 nostros
2859 1167 2994 1235 quod
3027 1165 3204 1220 Crwci
3229 1167 3284 1218 in
3315 1165 3520 1235 Aquila:
3547 1177 3590 1218 et
3624 1164 3684 1217 TI.

2241 1262 2463 1314 dotionis
2489 1277 2548 1312 ac
2577 1259 2871 1328 Symmachi
2900 1256 3226 1310 editionibus
3249 1255 3514 1308 lectitant.
3542 1254 3606 1306 Et
3631 1257 3674 1308 si

2241 1353 2294 1404 in
2325 1352 2480 1403 tantis
2511 1351 2706 1402 divitiis
2735 1349 3094 1400 doctrinarum
3118 1363 3224 1400 non
3253 1356 3588 1399 contemnunt
3617 1356 3684 1398 stu

2239 1441 2501 1493 hominum
2520 1439 2844 1499 Judworum,
2876 1453 2969 1490 cur
2990 1437 3195 1489 Latina
3227 1446 3514 1504 paupertas
3538 1437 3684 1503 despit

2241 1532 2489 1584 hominem
2514 1529 2903 1584 Christianum?
2924 1528 3086 1594 Cujus
3119 1529 3165 1580 si
3189 1543 3317 1596 opus
3342 1527 3632 1594 displiceat,
3651 1543 3684 1578 Cl

2241 1621 2473 1673 uoluntas
2513 1619 2803 1688 recipienda
2859 1627 2954 1670 est.
2985 1617 3100 1669 lloc
3131 1626 3314 1668 autem
3379 1615 3500 1668 loco
3531 1614 3682 1667 Hiero

2243 1727 2362 1764 mus
2410 1711 2576 1778 prima
2629 1709 2802 1762 fronte
2856 1708 2957 1761 sibi
3019 1707 3124 1774 ipsi
3178 1721 3486 1773 repugnare
3555 1705 3684 1756 videt

2241 1799 2523 1866 Postquam
2549 1799 2689 1851 enim
2720 1797 2948 1858 dixerat,
2980 1794 3262 1848 Daniclcm
3301 1810 3408 1846 non
3435 1795 3590 1862 juxta
3613 1794 3684 1846 LX

2244 1890 2332 1942 sed
2355 1889 2503 1956 juxta
2558 1885 2974 1938 Theodotioncm
3027 1882 3304 1938 Ecclesias
3355 1883 3548 1951 legere,
3605 1893 3679 1936 sta

2242 1977 2660 2044 subjicitomnes
2711 1973 2911 2028 Christi
2963 1973 3261 2037 Ecclesias,
3315 1981 3423 2026 tam
3476 1973 3683 2026 (ἓτερον

2241 2081 2400 2134 quam
2461 2063 2791 2126 Latinorum,
2849 2063 3224 2134 Syrorumque
3270 2073 3324 2116 et
3377 2059 3683 2131 Egyptioru

2242 2155 2526 2210 editionem
2570 2153 2848 2223 Vulgalam
2907 2154 3106 2221 legere,
3168 2153 3376 2206 scilicet
3406 2153 3509 2205 τῶν
3541 2157 3613 2216 0',
3662 2167 3684 2220 (ι

2243 2245 2310 2298 ab
2336 2245 2558 2310 Origene
2575 2259 2640 2297 ex
2663 2243 2895 2297 editione
2925 2241 3322 2296 Theodotionis
3353 2251 3508 2296 aucta
3534 2252 3584 2296 et
3601 2258 3678 2296 em

2243 2337 2365 2389 data
2391 2335 2562 2389 fuerat
2591 2350 2711 2387 cum
2759 2333 3032 2388 asteriscis
3083 2343 3136 2388 et
3170 2333 3360 2386 obelis.
3391 2332 3446 2385 In
3495 2348 3558 2386 eo
3603 2342 3684 2385 aut

2244 2425 2344 2478 sita
2376 2423 2776 2483 estdiﬂicultas,
2829 2423 2972 2489 quod
3007 2436 3133 2473 cum
3197 2421 3272 2473 ait
3321 2421 3584 2474 Ecclesias
3609 2419 3684 2488 leg

2245 2513 2622 2567 Theodotionis
2652 2512 2960 2572 editionem,
3001 2519 3055 2564 et
3107 2513 3296 2579 postea
3349 2511 3558 2564 easdem
3607 2511 3681 2577 leg

2243 2603 2524 2658 editionem
2553 2601 2658 2655 τῶν
2714 2603 2768 2653 0'
2823 2601 3193 2669 hcxaplarem,
3245 2601 3482 2654 indicare
3538 2601 3676 2654 videa

2244 2706 2524 2762 utramque
2551 2692 2833 2748 editionem
2862 2694 2914 2745 in
2956 2693 3188 2760 publicis
3223 2690 3474 2746 Ecclesiae
3509 2705 3684 2745 convei

2243 2783 2344 2836 bus
2374 2783 2474 2850 legi
2508 2783 2647 2850 quod
2679 2781 2864 2848 utique
2888 2783 2977 2834 vix
3008 2783 3156 2836 credi
3193 2783 3401 2850 possit:
3448 2797 3615 2850 neque
3634 2797 3684 2835 en

2243 2872 2528 2926 verisimile
2557 2881 2637 2926 est
2659 2872 2794 2926 duas
2815 2871 3060 2940 ejusdem
3114 2874 3387 2942 propheta:
3416 2873 3667 2926 editiones

2243 2961 2650 3015 discriminatim
2705 2961 2758 3012 in
2810 2961 3068 3016 omnibus
3116 2961 3373 3018 Ecelcsiis
3404 2963 3562 3016 lectas
3593 2960 3684 3012 luis

2243 3049 2458 3104 Certum
2482 3049 2694 3116 quidem
2731 3058 2814 3102 est
2841 3047 3145 3104 Ecclesiam
3194 3050 3433 3105 Grrecam
3458 3049 3682 3103 Theodot

621 3131 795 3205 μένων
825 3133 1068 3204 εὕρομεν.
1099 3133 1150 3186 Id
1178 3143 1259 3186 est
1297 3151 1311 3187 :
1349 3131 1556 3186 Similia
1601 3132 1763 3184 multa
1810 3131 2139 3200 deprehendi-

2169 3162 2210 3218 ο
2246 3139 2329 3192 nis
2349 3138 2633 3192 editionem
2664 3137 2831 3191 solam
2867 3138 3088 3208 legisse,
3117 3147 3174 3193 ut
3209 3139 3284 3194 ait
3321 3149 3501 3209 postea
3523 3138 3683 3191 llieror

619 3239 733 3277 mus
758 3239 956 3292 quoque
980 3223 1032 3274 in
1071 3221 1317 3284 Jerentia,
1351 3223 1406 3274 in
1427 3237 1526 3291 quo
1558 3221 1842 3291 frequentes
1869 3221 2146 3288 transposi-

621 3315 784 3366 tioncs
809 3322 857 3364 et
879 3313 1280 3380 permutationes
1323 3313 1684 3366 vaticiniorum
1709 3309 2010 3362 invenimus.
2037 3307 2146 3362 llo-

619 3419 740 3458 rum
767 3404 1006 3456 omnium
1056 3401 1380 3470 peramplam
1428 3401 1790 3454 collectionem
1819 3413 1918 3467 ope
1951 3414 2144 3450 manu-

619 3493 938 3562 scriptorum
977 3489 1200 3545 iecimus
1231 3510 1244 3544 :
1270 3489 1494 3543 Drusius
1517 3490 1842 3558 paucissima
1869 3488 2040 3542 amart.

687 3577 1262 3634 lu'l‘hrenisleremire
1310 3579 1478 3632 solius
1511 3576 1815 3648 Symmachi
1861 3578 2145 3632 editionem

621 3685 742 3724 cum
773 3669 912 3723 LXX
941 3671 1114 3739 posuit
1146 3667 1420 3738 Origenes,
1445 3681 1504 3722 ut
1531 3670 1643 3738 ipse
1685 3669 1738 3722 in
1767 3669 1996 3738 quadam
2022 3677 2146 3722 nota

621 3762 955 3816 testiﬁcatur.
1001 3762 1109 3814 Cur
1156 3769 1330 3812 autem
1391 3760 1476 3814 hic
1503 3776 1609 3814 non
1661 3761 1872 3816 solitam
1928 3773 2144 3828 operam

623 3853 943 3921 praestiterit,
975 3853 1064 3906 sed
1093 3853 1336 3921 Aquilam
1363 3861 1415 3906 et
1439 3851 1855 3906 Tlteodotionem
1883 3851 2146 3916 omiserit,

620 3945 967 4014 coniectando
991 3944 1162 3998 solum
1188 3944 1362 3998 dicere
1396 3959 1680 4012 possumus
1707 3961 1720 3996 :
1749 3943 1872 4012 quia
1894 3941 2146 3996 nimirum

619 4030 830 4084 videbat
879 4029 1016 4082 LXX
1064 4030 1380 4098 Interpretes
1419 4046 1524 4083 non
1583 4030 1804 4084 deiicere
1858 4044 1958 4098 pro
2001 4043 2149 4082 more

620 4133 742 4184 suo,
791 4121 882 4174 sed
938 4135 1058 4173 cum
1109 4119 1296 4186 Aquila
1337 4129 1390 4172 et
1439 4119 1800 4191 Theodotione
1841 4118 2146 4181 convenire,

620 4208 911 4260 asteriseos
937 4207 1246 4260 rarissimos
1275 4208 1475 4277 posuit,
1527 4207 1636 4260 imo
1669 4221 1842 4274 neque
1889 4207 2146 4261 editiones

623 4295 745 4348 illas
770 4295 834 4346 ad
868 4311 1092 4362 quarum
1133 4295 1286 4348 ﬁdem
1333 4311 1452 4363 qum
1501 4295 1815 4349 deﬁciebant
1861 4311 1981 4350 cum
2008 4307 2148 4352 aste-

625 4383 781 4436 riscis
803 4383 1100 4452 supplebat,
1123 4399 1241 4452 qua:
1265 4383 1629 4438 redundabant
1671 4383 1825 4438 obelo
1853 4393 2034 4440 notare
2055 4401 2140 4441 so-

2244 3243 2364 3280 mus
2393 3226 2772 3279 Commentario
2797 3227 2850 3279 in
2889 3227 3182 3292 Danielem,
3225 3243 3343 3295 cap.
3385 3243 3456 3290 tv,
3486 3244 3539 3280 γ.
3571 3227 3638 3280 5:
3667 3222 3684 3276 l

2243 3317 2400 3384 ceptis
2433 3313 2582 3368 LXX
2635 3315 3070 3382 translatoribus,
3112 3319 3200 3388 qui
3251 3319 3359 3372 haec
3403 3317 3571 3370 omnia
3617 3331 3684 3368 net

2244 3423 2346 3476 qua
2376 3408 2576 3458 ratione
2599 3407 2990 3472 praeterierunt,
3037 3417 3142 3462 tres
3170 3408 3374 3477 reliqui,
3415 3408 3661 3474 collegam

2245 3496 2508 3563 terpretati
2535 3503 2672 3547 sunt.
2708 3493 2866 3549 Unde
2899 3497 3108 3564 judicio
3151 3499 3514 3566 magistrorum
3539 3493 3684 3547 Ecclc.

2245 3585 2405 3637 editio
2432 3599 2608 3636 eorum
2636 3583 2690 3636 in
2714 3584 2806 3636 hoc
2834 3585 3091 3638 volumine
3119 3587 3391 3654 repudiata
3419 3595 3514 3647 est,
3541 3592 3588 3637 et
3616 3581 3681 3634 Th

2245 3673 2470 3726 dotionis
2526 3672 2675 3742 uulgo
2724 3672 2946 3742 legitur,
2981 3691 3096 3742 qua:
3127 3686 3176 3728 et
3219 3674 3454 3737 Ilebrteo,
3499 3682 3546 3726 et
3579 3681 3684 3724 crete

2249 3763 2648 3817 translatoribus
2675 3763 2938 3827 congruit.
2977 3762 3076 3817 SS.
3137 3778 3350 3832 quoque
3383 3762 3562 3816 Patres
3585 3759 3684 3814 Gru

2243 3851 2675 3920 Chrysostomus,
2709 3847 3083 3906 Theodoretus
3127 3859 3180 3906 ct
3205 3852 3315 3916 alii,
3344 3852 3507 3906 solam
3537 3847 3684 3902 TllCOt

2247 3942 2406 3995 tionis
2428 3941 2713 3994 editionem
2747 3955 2964 4008 semper
2993 3941 3222 3995 ali'erunt
3247 3957 3266 3994 :
3314 3940 3453 3994 unde
3483 3939 3669 3994 accidit

2245 4029 2386 4083 LXX
2428 4029 2773 4096 interpretum
2829 4031 2994 4084 editio
3045 4029 3301 4093 Dauielis,
3350 4044 3456 4088 tam
3502 4036 3684 4098 κοινηῑ

2244 4133 2404 4186 quam
2453 4118 2755 4188 hexaplaris
2813 4122 2880 4174 ab
2924 4121 3152 4191 Origene
3206 4122 3502 4186 emendata,
3558 4133 3684 4188 pror!

2245 4207 2503 4272 interiret,
2525 4209 2762 4276 exceptis
2786 4211 3110 4278 quibusdam
3145 4211 3356 4272 laciniis
3391 4226 3508 4281 qua:
3540 4207 3666 4262 infra

2247 4295 2560 4349 collectione
2586 4306 2767 4351 nostra
2794 4300 3166 4353 observantur.
3200 4300 3334 4354 Cum
3363 4301 3437 4354 ait
3467 4299 3620 4367 igitur
3650 4293 3684 4345 H

2248 4401 2502 4456 ronymus
2531 4387 2814 4442 editionem
2854 4389 3194 4458 hexaplarem
3226 4391 3278 4442 in
3308 4387 3552 4442 omnibus
3595 4384 3684 4436 Ecc

626 4473 785 4539 lebat,
811 4487 842 4527 e
869 4475 1082 4544 regione
1133 4463 1344 4528 locavit.
1400 4473 1496 4528 llic
1543 4483 1718 4531 autem
1762 4475 1916 4544 longe
1967 4478 2146 4544 plures
2175 4481 2220 4535 ι)
2247 4475 2343 4528 siis
2369 4475 2527 4528 etiam
2579 4475 2886 4532 Grecorum
2942 4479 3066 4547 legi,
3103 4479 3366 4546 intelligas
3417 4482 3616 4544 oportet
3651 4486 3684 4521 e:

575 4564 929 4634 “Symmachi
951 4563 1205 4618 lectiones
1257 4564 1482 4629 damus,
1536 4579 1695 4633 quam
1739 4563 1961 4618 Drusius
2010 4574 2150 4620 attu-

623 4653 781 4708 ierat.

693 4742 750 4796 ln
780 4742 1053 4798 Ezechiele
1078 4757 1175 4812 pro
1197 4757 1344 4796 more
1396 4739 1629 4810 Hexapla
1664 4743 2001 4796 concinnavit
2027 4743 2148 4798 Ori-

627 4845 808 4898 genes,
854 4847 918 4886 ac
975 4841 1224 4902 prater-ea
1277 4831 1689 4900 quamplurima,
1712 4846 1830 4898 quae
1859 4831 1914 4884 in
1951 4835 2060 4896 τοῖς
2095 4835 2150 4886 0'

627 4919 964 4986 deﬁciebant,
997 4937 1062 4975 ex
1105 4919 1488 4987 Theodotione,
1531 4922 1822 4990 pra-missis
1859 4924 2149 4991 asteriseis,

632 5005 884 5060 restituit.
922 5007 1122 5062 llorum
1154 5024 1317 5079 porro
1341 5019 1420 5064 tot
1438 5019 1691 5080 tantaque
1735 5026 1800 5065 ex
1829 5025 1958 5063 mss.
1993 5013 2152 5068 colle-

632 5095 826 5164 gimus,
851 5105 910 5149 ut
947 5098 1012 5152 iis
1039 5111 1362 5168 comparata,
1385 5116 1447 5156 ea
1475 5117 1594 5171 quae
1627 5100 1851 5155 Drusius
1873 5101 2036 5155 edidit
2066 5103 2150 5156 ni-

631 5185 702 5239 hil
731 5199 864 5254 pene
883 5200 1002 5240 esse
1032 5188 1327 5244 videantur.

698 5272 908 5354 Quidin
942 5273 1156 5329 Danicle
1201 5279 1448 5344 prasslitit
1497 5278 1754 5350 Origenes
1782 5277 1937 5332 docet
1963 5276 2152 5334 Hiero-

630 5375 822 5431 nymus
835 5359 1151 5414 Prasl'atione
1175 5363 1226 5414 in
1255 5362 1519 5420 Danielem
1547 5383 1560 5418 :
1589 5364 1850 5418 Lectorem
1881 5362 2149 5428 admoneo,

631 5451 824 5518 inquit,
855 5448 1122 5502 Danielem
1173 5466 1273 5502 non
1301 5453 1458 5522 juxta
1482 5454 1631 5508 LXX
1681 5453 2014 5520 Interpretes,
2061 5455 2151 5506 sed

631 5537 780 5592 iusta
810 5535 1202 5591 Thoodotioncm
1231 5537 1492 5596 Ecclesias
1513 5545 1700 5614 legere,
1727 5543 1816 5613 qui
1845 5543 2018 5611 utique
2041 5551 2153 5610 post

629 5629 900 5682 adventum
931 5625 1126 5682 Christi
1147 5630 1438 5685 incredulus
1467 5634 1565 5700 fuit
1591 5648 1609 5686 :
1654 5636 1774 5688 licet
1803 5649 1917 5688 eum
1939 5635 2152 5702 quidam

628 5717 805 5775 dicunt
829 5717 1146 5786 Ebionitam,
1175 5721 1263 5790 qui
1289 5720 1454 5776 altero
1487 5739 1664 5792 genere
1685 5724 1904 5780 Indicus
1936 5734 2030 5778 est.
2051 5723 2151 5778 Sed

2247 4579 2356 4632 prze
2387 4565 2634 4620 manibus
2655 4567 2896 4621 omnium
2929 4567 3166 4622 habitam
3222 4576 3277 4620 et
3315 4564 3554 4634 privatim
3584 4562 3684 4613 lect:

2247 4654 2434 4718 fuisse,
2470 4669 2578 4708 non
2641 4666 2816 4711 autem
2869 4657 2924 4711 in
2977 4658 3206 4725 publicis
3257 4653 3620 4713 conventibus,
3675 4662 3684 4698 ι

2247 4743 2632 4800 Theodotionis
2682 4749 2846 4802 editio
2891 4765 2994 4803 una
3055 4747 3345 4815 legebatur,
3392 4743 3573 4798 saltem
3629 4751 3684 4803 ap

2247 4833 2478 4888 Graecos.
2504 4834 2576 4889 De
2603 4837 2898 4893 dili‘erentia
2920 4853 3077 4907 porro
3105 4835 3484 4890 Hebraicorum
3509 4841 3684 4889 exemp

2247 4924 2385 4977 rium
2419 4925 2486 4978 ab
2510 4926 2738 4981 editione
2765 4927 2872 4980 τῶν
2899 4925 2954 4979 0⁸
2980 4935 3032 4980 et
3053 4922 3450 4982 Theodotionis,
3475 4919 3584 4972 haec
3614 4915 3684 4967 hal

2247 5011 2498 5082 Origenes
2523 5015 2674 5082 epist.
2703 5017 2768 5069 ad
2792 5017 3123 5068 Africanum.

2319 5103 2452 5156 ’ῙσΘι
2485 5105 2653 5159 τοίνυν
2675 5106 2808 5175 πρὸς
2829 5104 2958 5157 ταῦ-

2248 5208 2333 5255 τα,
2366 5191 2416 5243 τί
2451 5191 2554 5262 χρὴ
2585 5195 2726 5263 ἡμᾶς
2787 5192 2958 5264 πράτ-

2247 5297 2357 5334 τειν
2388 5281 2446 5333 οὐ
2486 5283 2609 5354 περὶ
2660 5283 2764 5335 τῶν
2821 5281 2960 5334 κατὰ

2249 5367 2528 5420 Σωσὰνναν
2579 5369 2754 5438 μόνον,
2779 5369 2834 5419 ὲν
2860 5367 2958 5436 μὲν

2249 5455 2327 5526 τῷ
2355 5457 2476 5510 καθ’
2525 5459 2787 5526 ’Έλληνας
2835 5455 2958 5508 ’Ἐλ-

2249 5544 2445 5616 ληνικῷ
2467 5549 2771 5618 φερομένων
2789 5547 2846 5597 ἐν
2865 5544 2959 5596 πάν

2253 5651 2321 5708 σῃ
2357 5638 2642 5710 Ἐκκλησίᾳ
2697 5633 2924 5706 Χριστοῦ
2940 5672 2956 5696 ο

2251 5727 2463 5797 παρὰᾶ
2483 5728 2744 5799 Ἐδραίοις
2763 5726 2837 5797 μὴ
2858 5740 2962 5778 κεια-

3133 5100 3284 5154 Scias
3307 5099 3484 5166 itaque
3523 5093 3584 5146 ad
3633 5090 3684 5141 ba

3061 5189 3187 5258 quid
3209 5188 3362 5240 nobis
3392 5182 3646 5252 agendum

3061 5295 3167 5334 non
3197 5279 3366 5332 solum
3403 5276 3454 5328 in
3477 5273 3540 5326 iis
3566 5281 3676 5337 qua:

3063 5369 3327 5429 Susanna,
3353 5367 3402 5417 iu
3419 5363 3598 5416 Graeco
3624 5353 3684 5407 Gr

3060 5471 3242 5512 corum
3265 5447 3546 5520 exemplari
3571 5448 3684 5513 pert

3065 5556 3172 5601 tam
3225 5542 3423 5598 Christi
3478 5530 3684 5590 Ecclesia

3059 5633 3513 5688 circumferentur,
3549 5631 3661 5688 qua
3678 5623 3684 5664 1

3062 5737 3184 5778 men
3204 5719 3341 5791 apud
3373 5713 3616 5769 Hebmos
3654 5719 3683 5754 It
