  <div class='ocr_page' id='page_1' title='image "/cluster/home/n/w/nwhite01/storage/ocr_20150623/15 (Origen, pt. 5)/nyp.33433081862306/066.png"; bbox 0 0 3878 6346; ppageno 0'>
   <div class='ocr_carea' id='block_1_1' title="bbox 80 396 209 474">
    <p class='ocr_par' dir='ltr' id='par_1_1' title="bbox 80 396 209 474">
     <span class='ocr_line' id='line_1_1' title="bbox 80 396 209 474; baseline 0 0"><span class='ocrx_word' id='word_1_1' title='bbox 80 396 209 474; x_wconf 56' lang='grc' dir='ltr'><em>ιβ’</em></span> 
     </span>
    </p>
   </div>
   <div class='ocr_carea' id='block_1_2' title="bbox 45 491 901 620">
    <p class='ocr_par' dir='ltr' id='par_1_2' title="bbox 45 491 901 620">
     <span class='ocr_line' id='line_1_2' title="bbox 45 491 901 620; baseline 0.009 -78"><span class='ocrx_word' id='word_1_2' title='bbox 45 491 465 620; x_wconf 48' lang='grc' dir='ltr'><strong>Μωνόὐᾶ</strong></span> <span class='ocrx_word' id='word_1_3' title='bbox 519 496 671 569; x_wconf 69' lang='grc' dir='ltr'><strong>περὶ</strong></span> <span class='ocrx_word' id='word_1_4' title='bbox 736 503 901 568; x_wconf 74' lang='grc' dir='ltr'><em>τῶν,</em></span> 
     </span>
     <span class='ocr_line' id='line_1_3' title="bbox 254 583 901 620; baseline 0 0"><span class='ocrx_word' id='word_1_5' title='bbox 254 583 470 620; x_wconf 61' lang='grc' dir='ltr'><strong>ἔριν-ηερ</strong></span> <span class='ocrx_word' id='word_1_6' title='bbox 536 588 737 620; x_wconf 60' lang='grc' dir='ltr'><strong>ΕἹῚ.-...</strong></span> <span class='ocrx_word' id='word_1_7' title='bbox 797 596 901 620; x_wconf 56' lang='lat'><strong>:3-</strong></span> 
     </span>
    </p>
   </div>
   <div class='ocr_carea' id='block_1_3' title="bbox 254 583 910 653">
    <p class='ocr_par' dir='ltr' id='par_1_3' title="bbox 254 583 910 653">
     <span class='ocr_line' id='line_1_4' title="bbox 254 583 910 653; baseline 0.024 -17"><span class='ocrx_word' id='word_1_8' title='bbox 254 583 496 653; x_wconf 71' lang='grc' dir='ltr'><em>ἔφασκες,</em></span> <span class='ocrx_word' id='word_1_9' title='bbox 535 588 737 646; x_wconf 70' lang='grc' dir='ltr'><em>ἄλλων</em></span> <span class='ocrx_word' id='word_1_10' title='bbox 794 596 910 652; x_wconf 82' lang='grc' dir='ltr'><strong>δύο</strong></span> 
     </span>
    </p>
   </div>
   <div class='ocr_carea' id='block_1_4' title="bbox 67 639 911 783">
    <p class='ocr_par' dir='ltr' id='par_1_4' title="bbox 67 639 911 783">
     <span class='ocr_line' id='line_1_5' title="bbox 67 639 911 783; baseline 0.02 -59"><span class='ocrx_word' id='word_1_11' title='bbox 67 639 469 783; x_wconf 48' lang='grc' dir='ltr'>ξ</span> 
     </span>
    </p>
   </div>
   <div class='ocr_carea' id='block_1_5' title="bbox 111 763 911 850">
    <p class='ocr_par' dir='ltr' id='par_1_5' title="bbox 111 763 911 850">
     <span class='ocr_line' id='line_1_6' title="bbox 111 763 911 850; baseline 0.013 -33"><span class='ocrx_word' id='word_1_12' title='bbox 111 763 192 850; x_wconf 52' lang='grc' dir='ltr'><em>ζ</em></span> <span class='ocrx_word' id='word_1_13' title='bbox 255 763 337 819; x_wconf 74' lang='grc' dir='ltr'><em>τοῦ</em></span> <span class='ocrx_word' id='word_1_14' title='bbox 370 764 578 835; x_wconf 74' lang='grc' dir='ltr'><em>βιϐλίου</em></span> <span class='ocrx_word' id='word_1_15' title='bbox 624 774 774 843; x_wconf 78' lang='grc' dir='ltr'><strong>περί</strong></span> <span class='ocrx_word' id='word_1_16' title='bbox 838 795 911 831; x_wconf 84' lang='grc' dir='ltr'><strong>τε</strong></span> 
     </span>
    </p>
   </div>
   <div class='ocr_carea' id='block_1_6' title="bbox 138 857 917 934">
    <p class='ocr_par' dir='ltr' id='par_1_6' title="bbox 138 857 917 934">
     <span class='ocr_line' id='line_1_7' title="bbox 138 857 917 934; baseline 0.008 -24"><span class='ocrx_word' id='word_1_17' title='bbox 138 877 267 929; x_wconf 36' lang='grc' dir='ltr'><strong>,εἰμι</strong></span> <span class='ocrx_word' id='word_1_18' title='bbox 313 857 450 911; x_wconf 73' lang='grc' dir='ltr'><em>κατὰ</em></span> <span class='ocrx_word' id='word_1_19' title='bbox 494 859 591 912; x_wconf 79' lang='grc' dir='ltr'><em>τὸν</em></span> <span class='ocrx_word' id='word_1_20' title='bbox 646 862 774 934; x_wconf 82' lang='grc' dir='ltr'><strong>Βὴλ</strong></span> <span class='ocrx_word' id='word_1_21' title='bbox 806 868 917 921; x_wconf 74' lang='grc' dir='ltr'><strong>καὶ</strong></span> 
     </span>
    </p>
   </div>
   <div class='ocr_carea' id='block_1_7' title="bbox 156 946 921 1026">
    <p class='ocr_par' dir='ltr' id='par_1_7' title="bbox 156 946 921 1026">
     <span class='ocr_line' id='line_1_8' title="bbox 156 946 921 1026; baseline 0.008 -28"><span class='ocrx_word' id='word_1_22' title='bbox 156 962 237 1013; x_wconf 57' lang='grc' dir='ltr'><strong>ὼ,</strong></span> <span class='ocrx_word' id='word_1_23' title='bbox 275 946 523 1019; x_wconf 64' lang='grc' dir='ltr'><em>δρὰοιοντα</em></span> <span class='ocrx_word' id='word_1_24' title='bbox 541 949 921 1026; x_wconf 73' lang='grc' dir='ltr'><em>ἀναγεγραμ.</em></span> 
     </span>
    </p>
   </div>
   <div class='ocr_carea' id='block_1_8' title="bbox 177 1039 922 1117">
    <p class='ocr_par' dir='ltr' id='par_1_8' title="bbox 177 1039 922 1117">
     <span class='ocr_line' id='line_1_9' title="bbox 177 1039 922 1117; baseline 0.011 -26"><span class='ocrx_word' id='word_1_25' title='bbox 177 1048 378 1113; x_wconf 58' lang='grc' dir='ltr'><em>ιιι-οων,</em></span> <span class='ocrx_word' id='word_1_26' title='bbox 400 1039 497 1093; x_wconf 68' lang='grc' dir='ltr'><em>ουδ’</em></span> <span class='ocrx_word' id='word_1_27' title='bbox 534 1041 723 1095; x_wconf 69' lang='grc' dir='ltr'><em>αὐτῶν</em></span> <span class='ocrx_word' id='word_1_28' title='bbox 751 1045 814 1096; x_wconf 78' lang='grc' dir='ltr'><em>ὲν</em></span> <span class='ocrx_word' id='word_1_29' title='bbox 832 1062 922 1117; x_wconf 82' lang='grc' dir='ltr'><em>τῳ</em></span> 
     </span>
    </p>
   </div>
   <div class='ocr_carea' id='block_1_9' title="bbox 185 1131 925 1205">
    <p class='ocr_par' dir='ltr' id='par_1_9' title="bbox 185 1131 925 1205">
     <span class='ocr_line' id='line_1_10' title="bbox 185 1131 925 1205; baseline 0.009 -22"><span class='ocrx_word' id='word_1_30' title='bbox 185 1131 386 1202; x_wconf 73' lang='grc' dir='ltr'><em>Δανιὴλ</em></span> <span class='ocrx_word' id='word_1_31' title='bbox 451 1131 550 1185; x_wconf 80' lang='grc' dir='ltr'><em>τῶν</em></span> <span class='ocrx_word' id='word_1_32' title='bbox 628 1133 925 1205; x_wconf 76' lang='grc' dir='ltr'><strong>Ἑϐραίων</strong></span> 
     </span>
    </p>
   </div>
   <div class='ocr_carea' id='block_1_10' title="bbox 190 1222 926 1292">
    <p class='ocr_par' dir='ltr' id='par_1_10' title="bbox 190 1222 926 1292">
     <span class='ocr_line' id='line_1_11' title="bbox 190 1222 926 1292; baseline 0.004 0"><span class='ocrx_word' id='word_1_33' title='bbox 190 1222 587 1292; x_wconf 55' lang='grc' dir='ltr'><strong>τετραμμένον·</strong></span> <span class='ocrx_word' id='word_1_34' title='bbox 629 1222 776 1276; x_wconf 79' lang='grc' dir='ltr'><em>ἀλλὰ</em></span> <span class='ocrx_word' id='word_1_35' title='bbox 821 1227 926 1280; x_wconf 77' lang='grc' dir='ltr'><strong>καὶ</strong></span> 
     </span>
    </p>
   </div>
   <div class='ocr_carea' id='block_1_11' title="bbox 183 1317 926 1389">
    <p class='ocr_par' dir='ltr' id='par_1_11' title="bbox 183 1317 926 1389">
     <span class='ocr_line' id='line_1_12' title="bbox 183 1317 926 1389; baseline 0.009 -20"><span class='ocrx_word' id='word_1_36' title='bbox 183 1317 326 1387; x_wconf 73' lang='grc' dir='ltr'><em>περὶ</em></span> <span class='ocrx_word' id='word_1_37' title='bbox 385 1317 549 1370; x_wconf 69' lang='grc' dir='ltr'><em>ἄλλων</em></span> <span class='ocrx_word' id='word_1_38' title='bbox 585 1319 831 1389; x_wconf 76' lang='grc' dir='ltr'><em>μυρίων,</em></span> <span class='ocrx_word' id='word_1_39' title='bbox 888 1322 926 1376; x_wconf 78' lang='grc' dir='ltr'>ἃ</span> 
     </span>
    </p>
   </div>
   <div class='ocr_carea' id='block_1_12' title="bbox 184 1404 930 1477">
    <p class='ocr_par' dir='ltr' id='par_1_12' title="bbox 184 1404 930 1477">
     <span class='ocr_line' id='line_1_13' title="bbox 184 1404 930 1477; baseline 0.004 -18"><span class='ocrx_word' id='word_1_40' title='bbox 184 1404 338 1459; x_wconf 76' lang='grc' dir='ltr'><strong>κατὰ</strong></span> <span class='ocrx_word' id='word_1_41' title='bbox 403 1404 495 1474; x_wconf 79' lang='grc' dir='ltr'><em>τὴν</em></span> <span class='ocrx_word' id='word_1_42' title='bbox 583 1408 930 1477; x_wconf 80' lang='grc' dir='ltr'><em>μετριότητα</em></span> 
     </span>
    </p>
   </div>
   <div class='ocr_carea' id='block_1_13' title="bbox 181 1491 930 1566">
    <p class='ocr_par' dir='ltr' id='par_1_13' title="bbox 181 1491 930 1566">
     <span class='ocr_line' id='line_1_14' title="bbox 181 1491 930 1566; baseline 0.009 -23"><span class='ocrx_word' id='word_1_43' title='bbox 181 1491 343 1565; x_wconf 60' lang='grc' dir='ltr'><strong>ήμῶν</strong></span> <span class='ocrx_word' id='word_1_44' title='bbox 421 1496 532 1557; x_wconf 79' lang='grc' dir='ltr'><em>τοῖς</em></span> <span class='ocrx_word' id='word_1_45' title='bbox 604 1494 930 1566; x_wconf 74' lang='grc' dir='ltr'><strong>Ἑϐραϊκοῖς</strong></span> 
     </span>
    </p>
   </div>
   <div class='ocr_carea' id='block_1_14' title="bbox 179 1588 931 1661">
    <p class='ocr_par' dir='ltr' id='par_1_14' title="bbox 179 1588 931 1661">
     <span class='ocr_line' id='line_1_15' title="bbox 179 1588 931 1661; baseline 0.007 -21"><span class='ocrx_word' id='word_1_46' title='bbox 179 1588 576 1655; x_wconf 77' lang='grc' dir='ltr'><em>συγκρίναντες</em></span> <span class='ocrx_word' id='word_1_47' title='bbox 657 1591 931 1661; x_wconf 74' lang='grc' dir='ltr'><em>ἀντιγρά-</em></span> 
     </span>
    </p>
   </div>
   <div class='ocr_carea' id='block_1_15' title="bbox 174 1677 929 1753">
    <p class='ocr_par' dir='ltr' id='par_1_15' title="bbox 174 1677 929 1753">
     <span class='ocr_line' id='line_1_16' title="bbox 174 1677 929 1753; baseline 0.008 -25"><span class='ocrx_word' id='word_1_48' title='bbox 174 1694 303 1746; x_wconf 81' lang='grc' dir='ltr'><em>φοις</em></span> <span class='ocrx_word' id='word_1_49' title='bbox 354 1677 425 1729; x_wconf 76' lang='grc' dir='ltr'><em>τὰ</em></span> <span class='ocrx_word' id='word_1_50' title='bbox 454 1677 736 1753; x_wconf 76' lang='grc' dir='ltr'><em>ἡμέτερα,</em></span> <span class='ocrx_word' id='word_1_51' title='bbox 797 1681 929 1734; x_wconf 85' lang='grc' dir='ltr'><em>πολ-</em></span> 
     </span>
    </p>
   </div>
   <div class='ocr_carea' id='block_1_16' title="bbox 171 1765 928 1839">
    <p class='ocr_par' dir='ltr' id='par_1_16' title="bbox 171 1765 928 1839">
     <span class='ocr_line' id='line_1_17' title="bbox 171 1765 928 1839; baseline 0.004 -19"><span class='ocrx_word' id='word_1_52' title='bbox 171 1765 343 1836; x_wconf 67' lang='grc' dir='ltr'><em>λαχοῦ</em></span> <span class='ocrx_word' id='word_1_53' title='bbox 388 1766 653 1837; x_wconf 75' lang='grc' dir='ltr'><em>εὕρομεν.</em></span> <span class='ocrx_word' id='word_1_54' title='bbox 702 1770 794 1822; x_wconf 85' lang='grc' dir='ltr'><em>Ἐν</em></span> <span class='ocrx_word' id='word_1_55' title='bbox 826 1771 928 1839; x_wconf 84' lang='grc' dir='ltr'><strong>μὲν</strong></span> 
     </span>
    </p>
   </div>
   <div class='ocr_carea' id='block_1_17' title="bbox 171 1861 930 1936">
    <p class='ocr_par' dir='ltr' id='par_1_17' title="bbox 171 1861 930 1936">
     <span class='ocr_line' id='line_1_18' title="bbox 171 1861 930 1936; baseline 0.004 -23"><span class='ocrx_word' id='word_1_56' title='bbox 171 1861 282 1932; x_wconf 64' lang='grc' dir='ltr'><strong>γὰρ</strong></span> <span class='ocrx_word' id='word_1_57' title='bbox 316 1861 465 1930; x_wconf 78' lang='grc' dir='ltr'><strong>αὐτῷ</strong></span> <span class='ocrx_word' id='word_1_58' title='bbox 477 1861 558 1933; x_wconf 77' lang='grc' dir='ltr'><em>τῷ</em></span> <span class='ocrx_word' id='word_1_59' title='bbox 572 1863 782 1933; x_wconf 83' lang='grc' dir='ltr'><em>Δανιὴλ</em></span> <span class='ocrx_word' id='word_1_60' title='bbox 800 1881 866 1917; x_wconf 83' lang='grc' dir='ltr'><em>πε</em></span> <span class='ocrx_word' id='word_1_61' title='bbox 874 1865 930 1936; x_wconf 74' lang='lat' dir='ltr'><strong>pl.</strong></span> 
     </span>
    </p>
   </div>
   <div class='ocr_carea' id='block_1_18' title="bbox 164 1950 927 2023">
    <p class='ocr_par' dir='ltr' id='par_1_18' title="bbox 164 1950 927 2023">
     <span class='ocr_line' id='line_1_19' title="bbox 164 1950 927 2023; baseline 0.003 -20"><span class='ocrx_word' id='word_1_62' title='bbox 164 1950 274 2020; x_wconf 68' lang='grc' dir='ltr'><em>τῆς</em></span> <span class='ocrx_word' id='word_1_63' title='bbox 306 1951 540 2021; x_wconf 76' lang='grc' dir='ltr'><strong>καμίνου</strong></span> <span class='ocrx_word' id='word_1_64' title='bbox 566 1953 673 2021; x_wconf 79' lang='grc' dir='ltr'><em>τῆς</em></span> <span class='ocrx_word' id='word_1_65' title='bbox 694 1954 927 2023; x_wconf 82' lang='grc' dir='ltr'><em>καιομέ-</em></span> 
     </span>
    </p>
   </div>
   <div class='ocr_carea' id='block_1_19' title="bbox 162 2039 928 2109">
    <p class='ocr_par' dir='ltr' id='par_1_19' title="bbox 162 2039 928 2109">
     <span class='ocr_line' id='line_1_20' title="bbox 162 2039 928 2109; baseline 0.008 -19"><span class='ocrx_word' id='word_1_66' title='bbox 162 2057 269 2109; x_wconf 62' lang='lat' dir='ltr'><strong>me;</strong></span> <span class='ocrx_word' id='word_1_67' title='bbox 297 2039 361 2091; x_wconf 64' lang='grc' dir='ltr'><em>τὸ</em></span> <span class='ocrx_word' id='word_1_68' title='bbox 391 2041 804 2109; x_wconf 68' lang='grc' dir='ltr'><strong>πεπεδημένοι</strong></span> <span class='ocrx_word' id='word_1_69' title='bbox 839 2043 928 2096; x_wconf 83' lang='grc' dir='ltr'><strong>εὖ-</strong></span> 
     </span>
    </p>
   </div>
   <div class='ocr_carea' id='block_1_20' title="bbox 157 2138 927 2210">
    <p class='ocr_par' dir='ltr' id='par_1_20' title="bbox 157 2138 927 2210">
     <span class='ocr_line' id='line_1_21' title="bbox 157 2138 927 2210; baseline 0.006 -24"><span class='ocrx_word' id='word_1_70' title='bbox 157 2151 361 2205; x_wconf 70' lang='grc' dir='ltr'><em>ρομεψ</em></span> <span class='ocrx_word' id='word_1_71' title='bbox 405 2138 460 2191; x_wconf 80' lang='grc' dir='ltr'><em>ὲν</em></span> <span class='ocrx_word' id='word_1_72' title='bbox 485 2138 542 2190; x_wconf 80' lang='grc' dir='ltr'><strong>δὲ</strong></span> <span class='ocrx_word' id='word_1_73' title='bbox 576 2142 697 2202; x_wconf 84' lang='grc' dir='ltr'><em>τοῖς</em></span> <span class='ocrx_word' id='word_1_74' title='bbox 728 2140 927 2210; x_wconf 78' lang='grc' dir='ltr'><strong>ἡμετέ-</strong></span> 
     </span>
    </p>
   </div>
   <div class='ocr_carea' id='block_1_21' title="bbox 160 2226 925 2298">
    <p class='ocr_par' dir='ltr' id='par_1_21' title="bbox 160 2226 925 2298">
     <span class='ocr_line' id='line_1_22' title="bbox 160 2226 925 2298; baseline 0.009 -22"><span class='ocrx_word' id='word_1_75' title='bbox 160 2240 295 2293; x_wconf 68' lang='lat' dir='ltr'><strong>pec;</strong></span> <span class='ocrx_word' id='word_1_76' title='bbox 330 2226 694 2297; x_wconf 69' lang='grc' dir='ltr'><strong>ἀντιγράφοις</strong></span> <span class='ocrx_word' id='word_1_77' title='bbox 726 2247 797 2281; x_wconf 82' lang='grc' dir='ltr'><em>πε</em></span> <span class='ocrx_word' id='word_1_78' title='bbox 806 2246 925 2298; x_wconf 84' lang='grc' dir='ltr'><em>ρισ-</em></span> 
     </span>
    </p>
   </div>
   <div class='ocr_carea' id='block_1_22' title="bbox 155 2320 922 2393">
    <p class='ocr_par' dir='ltr' id='par_1_22' title="bbox 155 2320 922 2393">
     <span class='ocr_line' id='line_1_23' title="bbox 155 2320 922 2393; baseline 0.008 -23"><span class='ocrx_word' id='word_1_79' title='bbox 155 2320 403 2373; x_wconf 73' lang='grc' dir='ltr'><em>σεὺονεα</em></span> <span class='ocrx_word' id='word_1_80' title='bbox 427 2322 579 2393; x_wconf 66' lang='grc' dir='ltr'><strong>παρὰ</strong></span> <span class='ocrx_word' id='word_1_81' title='bbox 607 2323 682 2375; x_wconf 83' lang='grc' dir='ltr'><em>τὰ</em></span> <span class='ocrx_word' id='word_1_82' title='bbox 715 2325 777 2375; x_wconf 79' lang='grc' dir='ltr'><em>ἐν</em></span> <span class='ocrx_word' id='word_1_83' title='bbox 802 2329 922 2388; x_wconf 84' lang='grc' dir='ltr'><em>τοῖς</em></span> 
     </span>
    </p>
   </div>
   <div class='ocr_carea' id='block_1_23' title="bbox 160 2409 919 2485">
    <p class='ocr_par' dir='ltr' id='par_1_23' title="bbox 160 2409 919 2485">
     <span class='ocr_line' id='line_1_24' title="bbox 160 2409 919 2485; baseline 0.009 -23"><span class='ocrx_word' id='word_1_84' title='bbox 160 2409 490 2482; x_wconf 66' lang='grc' dir='ltr'><strong>Ἑϐραϊκοῖς</strong></span> <span class='ocrx_word' id='word_1_85' title='bbox 503 2415 608 2485; x_wconf 75' lang='grc' dir='ltr'><strong>ἔπη</strong></span> <span class='ocrx_word' id='word_1_86' title='bbox 619 2416 724 2468; x_wconf 83' lang='grc' dir='ltr'><strong>οὐκ</strong></span> <span class='ocrx_word' id='word_1_87' title='bbox 740 2416 919 2484; x_wconf 79' lang='grc' dir='ltr'><strong>ὀλίγα·</strong></span> 
     </span>
    </p>
   </div>
   <div class='ocr_carea' id='block_1_24' title="bbox 150 2494 924 2577">
    <p class='ocr_par' dir='ltr' id='par_1_24' title="bbox 150 2494 924 2577">
     <span class='ocr_line' id='line_1_25' title="bbox 150 2494 924 2577; baseline 0.009 -23"><span class='ocrx_word' id='word_1_88' title='bbox 150 2494 227 2554; x_wconf 74' lang='grc' dir='ltr'><em>ὧν</em></span> <span class='ocrx_word' id='word_1_89' title='bbox 289 2505 435 2576; x_wconf 75' lang='grc' dir='ltr'><strong>ἀρχὴ</strong></span> <span class='ocrx_word' id='word_1_90' title='bbox 474 2508 618 2560; x_wconf 77' lang='grc' dir='ltr'><em>κατὰ</em></span> <span class='ocrx_word' id='word_1_91' title='bbox 662 2506 769 2577; x_wconf 84' lang='grc' dir='ltr'><strong>μέν</strong></span> <span class='ocrx_word' id='word_1_92' title='bbox 797 2524 924 2561; x_wconf 86' lang='grc' dir='ltr'><em>τινα</em></span> 
     </span>
    </p>
   </div>
   <div class='ocr_carea' id='block_1_25' title="bbox 152 2590 922 2663">
    <p class='ocr_par' dir='ltr' id='par_1_25' title="bbox 152 2590 922 2663">
     <span class='ocr_line' id='line_1_26' title="bbox 152 2590 922 2663; baseline 0.006 -21"><span class='ocrx_word' id='word_1_93' title='bbox 152 2590 286 2642; x_wconf 68' lang='grc' dir='ltr'><strong>τῶν</strong></span> <span class='ocrx_word' id='word_1_94' title='bbox 352 2595 663 2663; x_wconf 79' lang='grc' dir='ltr'><strong>φερομένων</strong></span> <span class='ocrx_word' id='word_1_95' title='bbox 703 2597 765 2647; x_wconf 82' lang='grc' dir='ltr'><em>ὲν</em></span> <span class='ocrx_word' id='word_1_96' title='bbox 800 2598 922 2657; x_wconf 81' lang='grc' dir='ltr'><em>ταῖς</em></span> 
     </span>
    </p>
   </div>
   <div class='ocr_carea' id='block_1_26' title="bbox 167 2683 916 2758">
    <p class='ocr_par' dir='ltr' id='par_1_26' title="bbox 167 2683 916 2758">
     <span class='ocr_line' id='line_1_27' title="bbox 167 2683 916 2758; baseline 0.007 -23"><span class='ocrx_word' id='word_1_97' title='bbox 167 2684 534 2755; x_wconf 72' lang='grc' dir='ltr'><strong>Ἐκκλησίαις</strong></span> <span class='ocrx_word' id='word_1_98' title='bbox 588 2683 661 2758; x_wconf 79' lang='grc' dir='ltr'><em>ἦν</em></span> <span class='ocrx_word' id='word_1_99' title='bbox 711 2687 916 2750; x_wconf 79' lang='grc' dir='ltr'><em>οὕτως’</em></span> 
     </span>
    </p>
   </div>
   <div class='ocr_carea' id='block_1_27' title="bbox 158 2776 916 2843">
    <p class='ocr_par' dir='ltr' id='par_1_27' title="bbox 158 2776 916 2843">
     <span class='ocr_line' id='line_1_28' title="bbox 158 2776 916 2843; baseline 0.005 -16"><span class='ocrx_word' id='word_1_100' title='bbox 158 2776 571 2843; x_wconf 62' lang='grc' dir='ltr'><em>Προοητύξατο</em></span> <span class='ocrx_word' id='word_1_101' title='bbox 614 2779 820 2831; x_wconf 80' lang='grc' dir='ltr'><em>Ἁνανί</em></span> <span class='ocrx_word' id='word_1_102' title='bbox 821 2795 916 2843; x_wconf 85' lang='grc' dir='ltr'><strong>ας,</strong></span> 
     </span>
    </p>
   </div>
   <div class='ocr_carea' id='block_1_28' title="bbox 158 2865 919 2934">
    <p class='ocr_par' dir='ltr' id='par_1_28' title="bbox 158 2865 919 2934">
     <span class='ocr_line' id='line_1_29' title="bbox 158 2865 919 2934; baseline 0.003 -16"><span class='ocrx_word' id='word_1_103' title='bbox 158 2867 282 2918; x_wconf 69' lang='lat' dir='ltr'><strong>m1</strong></span> <span class='ocrx_word' id='word_1_104' title='bbox 318 2865 602 2934; x_wconf 77' lang='grc' dir='ltr'><strong>Ἀζαρίας,</strong></span> <span class='ocrx_word' id='word_1_105' title='bbox 661 2866 769 2921; x_wconf 74' lang='grc' dir='ltr'><strong>καὶ</strong></span> <span class='ocrx_word' id='word_1_106' title='bbox 815 2870 919 2920; x_wconf 80' lang='grc' dir='ltr'><strong>Μι-</strong></span> 
     </span>
    </p>
   </div>
   <div class='ocr_carea' id='block_1_29' title="bbox 162 2956 915 3025">
    <p class='ocr_par' dir='ltr' id='par_1_29' title="bbox 162 2956 915 3025">
     <span class='ocr_line' id='line_1_30' title="bbox 162 2956 915 3025; baseline 0.005 -20"><span class='ocrx_word' id='word_1_107' title='bbox 162 2956 371 3021; x_wconf 58' lang='grc' dir='ltr'><em>σαιὴλ,</em></span> <span class='ocrx_word' id='word_1_108' title='bbox 387 2957 479 3010; x_wconf 71' lang='grc' dir='ltr'><strong>καὶ</strong></span> <span class='ocrx_word' id='word_1_109' title='bbox 499 2959 788 3025; x_wconf 81' lang='grc' dir='ltr'><strong>ὕμνησαν</strong></span> <span class='ocrx_word' id='word_1_110' title='bbox 804 2957 915 3009; x_wconf 79' lang='grc' dir='ltr'><em>τὸν</em></span> 
     </span>
    </p>
   </div>
   <div class='ocr_carea' id='block_1_30' title="bbox 163 3044 917 3110">
    <p class='ocr_par' dir='ltr' id='par_1_30' title="bbox 163 3044 917 3110">
     <span class='ocr_line' id='line_1_31' title="bbox 163 3044 917 3110; baseline 0.004 -14"><span class='ocrx_word' id='word_1_111' title='bbox 163 3044 421 3110; x_wconf 70' lang='grc' dir='ltr'><em>Κύριον,</em></span> <span class='ocrx_word' id='word_1_112' title='bbox 470 3047 572 3110; x_wconf 72' lang='grc' dir='ltr'><strong>ἕως</strong></span> <span class='ocrx_word' id='word_1_113' title='bbox 629 3046 751 3099; x_wconf 78' lang='grc' dir='ltr'><em>τοῦ·</em></span> <span class='ocrx_word' id='word_1_114' title='bbox 802 3049 917 3099; x_wconf 86' lang='grc' dir='ltr'><strong>Εὐ-</strong></span> 
     </span>
    </p>
   </div>
   <div class='ocr_carea' id='block_1_31' title="bbox 158 3136 931 3204">
    <p class='ocr_par' dir='ltr' id='par_1_31' title="bbox 158 3136 931 3204">
     <span class='ocr_line' id='line_1_32' title="bbox 158 3136 931 3204; baseline 0.004 -16"><span class='ocrx_word' id='word_1_115' title='bbox 158 3136 411 3203; x_wconf 73' lang='grc' dir='ltr'><em>λοτεῖτε</em></span> <span class='ocrx_word' id='word_1_116' title='bbox 424 3138 639 3204; x_wconf 76' lang='grc' dir='ltr'><em>πάντες</em></span> <span class='ocrx_word' id='word_1_117' title='bbox 658 3142 715 3191; x_wconf 78' lang='grc' dir='ltr'><em>οἱ</em></span> <span class='ocrx_word' id='word_1_118' title='bbox 738 3140 931 3191; x_wconf 54' lang='grc' dir='ltr'><em>σεϐά-</em></span> 
     </span>
    </p>
   </div>
   <div class='ocr_carea' id='block_1_32' title="bbox 150 3226 914 3293">
    <p class='ocr_par' dir='ltr' id='par_1_32' title="bbox 150 3226 914 3293">
     <span class='ocr_line' id='line_1_33' title="bbox 150 3226 914 3293; baseline 0.004 -18"><span class='ocrx_word' id='word_1_119' title='bbox 150 3236 350 3286; x_wconf 64' lang='lat' dir='ltr'><strong>[lt-rm</strong></span> <span class='ocrx_word' id='word_1_120' title='bbox 381 3228 589 3293; x_wconf 78' lang='grc' dir='ltr'><strong>Κύριον</strong></span> <span class='ocrx_word' id='word_1_121' title='bbox 615 3226 728 3279; x_wconf 81' lang='grc' dir='ltr'><em>τὸν</em></span> <span class='ocrx_word' id='word_1_122' title='bbox 759 3226 914 3279; x_wconf 82' lang='grc' dir='ltr'><em>Θεὸν</em></span> 
     </span>
    </p>
   </div>
   <div class='ocr_carea' id='block_1_33' title="bbox 154 3306 910 3383">
    <p class='ocr_par' dir='ltr' id='par_1_33' title="bbox 154 3306 910 3383">
     <span class='ocr_line' id='line_1_34' title="bbox 154 3306 910 3383; baseline 0.005 -21"><span class='ocrx_word' id='word_1_123' title='bbox 154 3306 302 3363; x_wconf 61' lang='grc' dir='ltr'><em>τῶν</em></span> <span class='ocrx_word' id='word_1_124' title='bbox 329 3312 488 3367; x_wconf 83' lang='grc' dir='ltr'><em>θεῶν·</em></span> <span class='ocrx_word' id='word_1_125' title='bbox 516 3313 761 3383; x_wconf 81' lang='grc' dir='ltr'><em>ὑμνεῖτε</em></span> <span class='ocrx_word' id='word_1_126' title='bbox 805 3315 910 3367; x_wconf 78' lang='grc' dir='ltr'><em>καὶ</em></span> 
     </span>
    </p>
   </div>
   <div class='ocr_carea' id='block_1_34' title="bbox 149 3394 912 3472">
    <p class='ocr_par' dir='ltr' id='par_1_34' title="bbox 149 3394 912 3472">
     <span class='ocr_line' id='line_1_35' title="bbox 149 3394 912 3472; baseline 0 -16"><span class='ocrx_word' id='word_1_127' title='bbox 149 3394 225 3456; x_wconf 74' lang='grc' dir='ltr'><strong>ἐξ</strong></span> <span class='ocrx_word' id='word_1_128' title='bbox 236 3404 645 3472; x_wconf 66' lang='grc' dir='ltr'><em>ομολοτεῖσθε,</em></span> <span class='ocrx_word' id='word_1_129' title='bbox 696 3403 789 3456; x_wconf 85' lang='grc' dir='ltr'><em>ὅτι</em></span> <span class='ocrx_word' id='word_1_130' title='bbox 820 3406 912 3468; x_wconf 82' lang='grc' dir='ltr'><em>εἱς</em></span> 
     </span>
    </p>
   </div>
   <div class='ocr_carea' id='block_1_35' title="bbox 142 3482 913 3558">
    <p class='ocr_par' dir='ltr' id='par_1_35' title="bbox 142 3482 913 3558">
     <span class='ocr_line' id='line_1_36' title="bbox 142 3482 913 3558; baseline 0.01 -19"><span class='ocrx_word' id='word_1_131' title='bbox 142 3482 285 3539; x_wconf 53' lang='grc' dir='ltr'><em>τὸν</em></span> <span class='ocrx_word' id='word_1_132' title='bbox 303 3491 481 3545; x_wconf 69' lang='grc' dir='ltr'><em>αἰῶνα</em></span> <span class='ocrx_word' id='word_1_133' title='bbox 508 3493 576 3546; x_wconf 85' lang='grc' dir='ltr'><em>τὸ</em></span> <span class='ocrx_word' id='word_1_134' title='bbox 604 3494 783 3558; x_wconf 72' lang='grc' dir='ltr'><em>ἕλεος</em></span> <span class='ocrx_word' id='word_1_135' title='bbox 810 3494 913 3545; x_wconf 81' lang='grc' dir='ltr'><strong>αὐ·</strong></span> 
     </span>
    </p>
   </div>
   <div class='ocr_carea' id='block_1_36' title="bbox 129 3583 909 3652">
    <p class='ocr_par' dir='ltr' id='par_1_36' title="bbox 129 3583 909 3652">
     <span class='ocr_line' id='line_1_37' title="bbox 129 3583 909 3652; baseline 0.004 -18"><span class='ocrx_word' id='word_1_136' title='bbox 129 3583 304 3646; x_wconf 61' lang='grc' dir='ltr'><strong>τέ’-ξ’),</strong></span> <span class='ocrx_word' id='word_1_137' title='bbox 330 3586 425 3638; x_wconf 72' lang='grc' dir='ltr'><em>καὶ</em></span> <span class='ocrx_word' id='word_1_138' title='bbox 459 3590 544 3652; x_wconf 76' lang='grc' dir='ltr'><em>εἰς</em></span> <span class='ocrx_word' id='word_1_139' title='bbox 574 3588 683 3640; x_wconf 83' lang='grc' dir='ltr'><em>τὸν</em></span> <span class='ocrx_word' id='word_1_140' title='bbox 716 3585 909 3640; x_wconf 70' lang='grc' dir='ltr'><em>αἰῶνα</em></span> 
     </span>
    </p>
   </div>
   <div class='ocr_carea' id='block_1_37' title="bbox 124 3663 909 3744">
    <p class='ocr_par' dir='ltr' id='par_1_37' title="bbox 124 3663 909 3744">
     <span class='ocr_line' id='line_1_38' title="bbox 124 3663 909 3744; baseline 0.01 -23"><span class='ocrx_word' id='word_1_141' title='bbox 124 3663 291 3722; x_wconf 65' lang='grc' dir='ltr'><em>τοὶ-ν</em></span> <span class='ocrx_word' id='word_1_142' title='bbox 329 3675 570 3729; x_wconf 70' lang='grc' dir='ltr'><em>αἰώνων.</em></span> <span class='ocrx_word' id='word_1_143' title='bbox 622 3677 737 3731; x_wconf 72' lang='grc' dir='ltr'><strong>Καὶ</strong></span> <span class='ocrx_word' id='word_1_144' title='bbox 783 3674 909 3744; x_wconf 80' lang='grc' dir='ltr'><strong>ἐτέ-</strong></span> 
     </span>
    </p>
   </div>
   <div class='ocr_carea' id='block_1_38' title="bbox 120 3770 907 3834">
    <p class='ocr_par' dir='ltr' id='par_1_38' title="bbox 120 3770 907 3834">
     <span class='ocr_line' id='line_1_39' title="bbox 120 3770 907 3834; baseline -0.001 -12"><span class='ocrx_word' id='word_1_145' title='bbox 120 3777 306 3817; x_wconf 76' lang='grc' dir='ltr'><em>νε-το</em></span> <span class='ocrx_word' id='word_1_146' title='bbox 367 3771 434 3822; x_wconf 82' lang='grc' dir='ltr'><em>ὲν</em></span> <span class='ocrx_word' id='word_1_147' title='bbox 506 3770 586 3834; x_wconf 83' lang='grc' dir='ltr'><em>τῷ</em></span> <span class='ocrx_word' id='word_1_148' title='bbox 638 3771 907 3824; x_wconf 80' lang='grc' dir='ltr'><em>ἀκοῦσαι</em></span> 
     </span>
    </p>
   </div>
   <div class='ocr_carea' id='block_1_39' title="bbox 153 3851 909 3926">
    <p class='ocr_par' dir='ltr' id='par_1_39' title="bbox 153 3851 909 3926">
     <span class='ocr_line' id='line_1_40' title="bbox 153 3851 909 3926; baseline -0.001 -16"><span class='ocrx_word' id='word_1_149' title='bbox 153 3851 225 3901; x_wconf 54' lang='grc' dir='ltr'><strong>ιδ</strong></span> <span class='ocrx_word' id='word_1_150' title='bbox 256 3866 294 3900; x_wconf 76' lang='grc' dir='ltr'><em>ν’</em></span> <span class='ocrx_word' id='word_1_151' title='bbox 341 3857 592 3918; x_wconf 76' lang='grc' dir='ltr'><em>,ϐασιλέα</em></span> <span class='ocrx_word' id='word_1_152' title='bbox 644 3859 909 3926; x_wconf 82' lang='grc' dir='ltr'><em>ὑμνούν-</em></span> 
     </span>
    </p>
   </div>
   <div class='ocr_carea' id='block_1_40' title="bbox 108 3951 902 4017">
    <p class='ocr_par' dir='ltr' id='par_1_40' title="bbox 108 3951 902 4017">
     <span class='ocr_line' id='line_1_41' title="bbox 108 3951 902 4017; baseline 0 -13"><span class='ocrx_word' id='word_1_153' title='bbox 108 3996 111 4013; x_wconf 88' lang='grc'><strong>,</strong></span> <span class='ocrx_word' id='word_1_154' title='bbox 190 3955 309 3992; x_wconf 65' lang='grc' dir='ltr'><strong>των</strong></span> <span class='ocrx_word' id='word_1_155' title='bbox 325 3952 519 4017; x_wconf 79' lang='grc' dir='ltr'><em>αὐτῶν,</em></span> <span class='ocrx_word' id='word_1_156' title='bbox 562 3954 664 4006; x_wconf 73' lang='grc' dir='ltr'><strong>καὶ</strong></span> <span class='ocrx_word' id='word_1_157' title='bbox 722 3951 902 4007; x_wconf 80' lang='grc' dir='ltr'><strong>ἐθεώ-</strong></span> 
     </span>
    </p>
   </div>
   <div class='ocr_carea' id='block_1_41' title="bbox 108 4026 906 4112">
    <p class='ocr_par' dir='ltr' id='par_1_41' title="bbox 108 4026 906 4112">
     <span class='ocr_line' id='line_1_42' title="bbox 108 4026 906 4112; baseline 0.001 -16"><span class='ocrx_word' id='word_1_158' title='bbox 108 4026 111 4051; x_wconf 72' lang='grc'>¹</span> <span class='ocrx_word' id='word_1_159' title='bbox 206 4045 483 4111; x_wconf 57' lang='lat' dir='ltr'><strong>Macrob;</strong></span> <span class='ocrx_word' id='word_1_160' title='bbox 501 4045 751 4112; x_wconf 66' lang='grc' dir='ltr'><em>ὧντας.</em></span> <span class='ocrx_word' id='word_1_161' title='bbox 786 4047 906 4097; x_wconf 85' lang='grc' dir='ltr'><strong>Κα-</strong></span> 
     </span>
    </p>
   </div>
   <div class='ocr_carea' id='block_1_42' title="bbox 209 4123 905 4205">
    <p class='ocr_par' dir='ltr' id='par_1_42' title="bbox 209 4123 905 4205">
     <span class='ocr_line' id='line_1_43' title="bbox 209 4123 905 4205; baseline 0.011 -23"><span class='ocrx_word' id='word_1_162' title='bbox 209 4123 272 4175; x_wconf 69' lang='grc' dir='ltr'>τά</span> <span class='ocrx_word' id='word_1_163' title='bbox 296 4127 335 4183; x_wconf 74' lang='grc' dir='ltr'><strong>δὲ</strong></span> <span class='ocrx_word' id='word_1_164' title='bbox 369 4137 541 4205; x_wconf 71' lang='grc' dir='ltr'><em>ἔτερα·</em></span> <span class='ocrx_word' id='word_1_165' title='bbox 574 4136 694 4190; x_wconf 74' lang='grc' dir='ltr'><strong>Καὶ</strong></span> <span class='ocrx_word' id='word_1_166' title='bbox 733 4151 905 4203; x_wconf 78' lang='grc' dir='ltr'><em>περι-</em></span> 
     </span>
    </p>
   </div>
   <div class='ocr_carea' id='block_1_43' title="bbox 206 4212 902 4294">
    <p class='ocr_par' dir='ltr' id='par_1_43' title="bbox 206 4212 902 4294">
     <span class='ocr_line' id='line_1_44' title="bbox 206 4212 902 4294; baseline 0 -3"><span class='ocrx_word' id='word_1_167' title='bbox 206 4212 418 4278; x_wconf 72' lang='grc' dir='ltr'><em>επάτουν</em></span> <span class='ocrx_word' id='word_1_168' title='bbox 453 4226 524 4278; x_wconf 77' lang='grc' dir='ltr'><em>έν</em></span> <span class='ocrx_word' id='word_1_169' title='bbox 558 4225 738 4294; x_wconf 78' lang='grc' dir='ltr'><strong>μέσῳ</strong></span> <span class='ocrx_word' id='word_1_170' title='bbox 783 4225 902 4293; x_wconf 80' lang='grc' dir='ltr'><em>τῆς</em></span> 
     </span>
    </p>
   </div>
   <div class='ocr_carea' id='block_1_44' title="bbox 208 4302 904 4383">
    <p class='ocr_par' dir='ltr' id='par_1_44' title="bbox 208 4302 904 4383">
     <span class='ocr_line' id='line_1_45' title="bbox 208 4302 904 4383; baseline 0.001 -18"><span class='ocrx_word' id='word_1_171' title='bbox 208 4302 382 4377; x_wconf 54' lang='lat'><strong>91%;-</strong></span> <span class='ocrx_word' id='word_1_172' title='bbox 407 4315 743 4383; x_wconf 80' lang='grc' dir='ltr'><strong>ὑμνοῦντες</strong></span> <span class='ocrx_word' id='word_1_173' title='bbox 787 4313 904 4367; x_wconf 81' lang='grc' dir='ltr'><strong>τὸν</strong></span> 
     </span>
    </p>
   </div>
   <div class='ocr_carea' id='block_1_45' title="bbox 92 4388 901 4477">
    <p class='ocr_par' dir='ltr' id='par_1_45' title="bbox 92 4388 901 4477">
     <span class='ocr_line' id='line_1_46' title="bbox 92 4388 901 4477; baseline 0.001 -20"><span class='ocrx_word' id='word_1_174' title='bbox 201 4388 321 4477; x_wconf 42' lang='grc' dir='ltr'><strong>θεὸν»</strong></span> <span class='ocrx_word' id='word_1_175' title='bbox 347 4404 440 4459; x_wconf 80' lang='grc' dir='ltr'><strong>καὶ</strong></span> <span class='ocrx_word' id='word_1_176' title='bbox 476 4403 901 4473; x_wconf 70' lang='grc' dir='ltr'><strong>εὐλογοῦντες</strong></span> 
     </span>
    </p>
   </div>
   <div class='ocr_carea' id='block_1_46' title="bbox 78 4470 895 4599">
    <p class='ocr_par' dir='ltr' id='par_1_46' title="bbox 78 4470 895 4599">
     <span class='ocr_line' id='line_1_47' title="bbox 78 4470 895 4599; baseline 0.001 -1"><span class='ocrx_word' id='word_1_177' title='bbox 158 4470 267 4599; x_wconf 69' lang='lat'><strong>£55</strong></span> <span class='ocrx_word' id='word_1_178' title='bbox 281 4483 519 4599; x_wconf 48' lang='grc' dir='ltr'><strong>εὔθυν’</strong></span> <span class='ocrx_word' id='word_1_179' title='bbox 579 4470 696 4599; x_wconf 42' lang='lat' dir='ltr'><strong>Fs&quot;</strong></span> <span class='ocrx_word' id='word_1_180' title='bbox 765 4489 895 4599; x_wconf 72' lang='grc' dir='ltr'><strong>τοδί</strong></span> 
     </span>
    </p>
   </div>
   <div class='ocr_carea' id='block_1_47' title="bbox 98 5176 1051 5288">
    <p class='ocr_par' dir='ltr' id='par_1_47' title="bbox 98 5176 1051 5288">
     <span class='ocr_line' id='line_1_48' title="bbox 98 5176 1051 5288; baseline -0.028 -8"><span class='ocrx_word' id='word_1_181' title='bbox 98 5176 137 5234; x_wconf 43' lang='grc' dir='ltr'>ι</span> <span class='ocrx_word' id='word_1_182' title='bbox 170 5191 410 5273; x_wconf 63' lang='lat' dir='ltr'><strong>hamus</strong></span> <span class='ocrx_word' id='word_1_183' title='bbox 428 5212 783 5288; x_wconf 44' lang='grc' dir='ltr'><em>ωςοίιίεηιι.</em></span> <span class='ocrx_word' id='word_1_184' title='bbox 808 5211 897 5261; x_wconf 88' lang='lat' dir='ltr'><strong>De</strong></span> <span class='ocrx_word' id='word_1_185' title='bbox 920 5207 1051 5255; x_wconf 86' lang='lat' dir='ltr'><strong>notis</strong></span> 
     </span>
    </p>
   </div>
   <div class='ocr_carea' id='block_1_48' title="bbox 1402 403 2183 466">
    <p class='ocr_par' dir='ltr' id='par_1_48' title="bbox 1402 403 2183 466">
     <span class='ocr_line' id='line_1_49' title="bbox 1402 403 2183 466; baseline 0.009 -8"><span class='ocrx_word' id='word_1_186' title='bbox 1402 403 1469 459; x_wconf 85' lang='lat' dir='ltr'><strong>IN</strong></span> <span class='ocrx_word' id='word_1_187' title='bbox 1507 404 1822 461; x_wconf 79' lang='lat' dir='ltr'><strong>HEXAPLA</strong></span> <span class='ocrx_word' id='word_1_188' title='bbox 1853 406 2183 466; x_wconf 78' lang='lat' dir='ltr'><strong>ORIGENIS.</strong></span> 
     </span>
    </p>
   </div>
   <div class='ocr_carea' id='block_1_49' title="bbox 1027 522 2558 594">
    <p class='ocr_par' dir='ltr' id='par_1_49' title="bbox 1027 522 2558 594">
     <span class='ocr_line' id='line_1_50' title="bbox 1027 522 2558 594; baseline 0.008 -28"><span class='ocrx_word' id='word_1_189' title='bbox 1027 524 1293 571; x_wconf 74' lang='lat' dir='ltr'><strong>exstant:</strong></span> <span class='ocrx_word' id='word_1_190' title='bbox 1340 534 1438 574; x_wconf 90' lang='lat' dir='ltr'><strong>nec</strong></span> <span class='ocrx_word' id='word_1_191' title='bbox 1488 522 1657 576; x_wconf 91' lang='lat' dir='ltr'><strong>solum</strong></span> <span class='ocrx_word' id='word_1_192' title='bbox 1692 522 1757 577; x_wconf 90' lang='lat' dir='ltr'><strong>de</strong></span> <span class='ocrx_word' id='word_1_193' title='bbox 1782 524 1827 578; x_wconf 88' lang='lat' dir='ltr'><strong>A</strong></span> <span class='ocrx_word' id='word_1_194' title='bbox 1851 524 2152 592; x_wconf 80' lang='grc' dir='ltr'><em>σεϐόμενοι</em></span> <span class='ocrx_word' id='word_1_195' title='bbox 2198 523 2301 578; x_wconf 79' lang='grc' dir='ltr'><strong>τὸν</strong></span> <span class='ocrx_word' id='word_1_196' title='bbox 2346 528 2558 594; x_wconf 81' lang='grc' dir='ltr'><em>Κύριον</em></span> 
     </span>
    </p>
   </div>
   <div class='ocr_carea' id='block_1_50' title="bbox 1030 603 1750 676">
    <p class='ocr_par' dir='ltr' id='par_1_50' title="bbox 1030 603 1750 676">
     <span class='ocr_line' id='line_1_51' title="bbox 1030 603 1750 676; baseline 0.017 -21"><span class='ocrx_word' id='word_1_197' title='bbox 1030 603 1160 661; x_wconf 87' lang='lat' dir='ltr'><strong>aliis</strong></span> <span class='ocrx_word' id='word_1_198' title='bbox 1181 607 1389 665; x_wconf 88' lang='lat' dir='ltr'><strong>duabus</strong></span> <span class='ocrx_word' id='word_1_199' title='bbox 1408 612 1750 676; x_wconf 86' lang='lat' dir='ltr'><strong>sectionibus,</strong></span> 
     </span>
    </p>
   </div>
   <div class='ocr_carea' id='block_1_51' title="bbox 1029 694 1755 768">
    <p class='ocr_par' dir='ltr' id='par_1_51' title="bbox 1029 694 1755 768">
     <span class='ocr_line' id='line_1_52' title="bbox 1029 694 1755 768; baseline 0.018 -24"><span class='ocrx_word' id='word_1_200' title='bbox 1029 703 1096 745; x_wconf 83' lang='lat' dir='ltr'><strong>ut</strong></span> <span class='ocrx_word' id='word_1_201' title='bbox 1147 694 1305 759; x_wconf 89' lang='lat' dir='ltr'><strong>dicis,</strong></span> <span class='ocrx_word' id='word_1_202' title='bbox 1358 714 1477 768; x_wconf 70' lang='lat' dir='ltr'><strong>qua:</strong></span> <span class='ocrx_word' id='word_1_203' title='bbox 1548 701 1601 754; x_wconf 89' lang='lat' dir='ltr'><strong>in</strong></span> <span class='ocrx_word' id='word_1_204' title='bbox 1651 701 1755 757; x_wconf 82' lang='lat' dir='ltr'><strong>line</strong></span> 
     </span>
    </p>
   </div>
   <div class='ocr_carea' id='block_1_52' title="bbox 1029 778 1750 861">
    <p class='ocr_par' dir='ltr' id='par_1_52' title="bbox 1029 778 1750 861">
     <span class='ocr_line' id='line_1_53' title="bbox 1029 778 1750 861; baseline 0.022 -29"><span class='ocrx_word' id='word_1_205' title='bbox 1029 778 1158 836; x_wconf 85' lang='lat' dir='ltr'><strong>libri</strong></span> <span class='ocrx_word' id='word_1_206' title='bbox 1228 795 1354 840; x_wconf 91' lang='lat' dir='ltr'><strong>sunt</strong></span> <span class='ocrx_word' id='word_1_207' title='bbox 1444 790 1717 861; x_wconf 71' lang='lat' dir='ltr'><strong>descripta:</strong></span> <span class='ocrx_word' id='word_1_208' title='bbox 1734 831 1750 856; x_wconf 89' lang='lat'><strong>,</strong></span> 
     </span>
    </p>
   </div>
   <div class='ocr_carea' id='block_1_53' title="bbox 1030 875 1753 942">
    <p class='ocr_par' dir='ltr' id='par_1_53' title="bbox 1030 875 1753 942">
     <span class='ocr_line' id='line_1_54' title="bbox 1030 875 1753 942; baseline 0.019 -19"><span class='ocrx_word' id='word_1_209' title='bbox 1030 884 1230 942; x_wconf 81' lang='lat' dir='ltr'><strong>nempe</strong></span> <span class='ocrx_word' id='word_1_210' title='bbox 1250 875 1315 929; x_wconf 87' lang='lat' dir='ltr'><strong>de</strong></span> <span class='ocrx_word' id='word_1_211' title='bbox 1332 876 1459 931; x_wconf 86' lang='lat' dir='ltr'><strong>Belo</strong></span> <span class='ocrx_word' id='word_1_212' title='bbox 1480 888 1530 934; x_wconf 88' lang='lat' dir='ltr'><strong>et</strong></span> <span class='ocrx_word' id='word_1_213' title='bbox 1551 878 1615 935; x_wconf 87' lang='lat' dir='ltr'><strong>de</strong></span> <span class='ocrx_word' id='word_1_214' title='bbox 1638 882 1753 937; x_wconf 80' lang='lat' dir='ltr'><strong>dra-</strong></span> 
     </span>
    </p>
   </div>
   <div class='ocr_carea' id='block_1_54' title="bbox 1031 975 1751 1041">
    <p class='ocr_par' dir='ltr' id='par_1_54' title="bbox 1031 975 1751 1041">
     <span class='ocr_line' id='line_1_55' title="bbox 1031 975 1751 1041; baseline 0.013 -20"><span class='ocrx_word' id='word_1_215' title='bbox 1031 982 1215 1023; x_wconf 87' lang='lat' dir='ltr'><strong>cone:</strong></span> <span class='ocrx_word' id='word_1_216' title='bbox 1264 986 1384 1040; x_wconf 65' lang='lat' dir='ltr'><strong>qua:</strong></span> <span class='ocrx_word' id='word_1_217' title='bbox 1431 975 1630 1041; x_wconf 82' lang='lat' dir='ltr'><strong>pariter</strong></span> <span class='ocrx_word' id='word_1_218' title='bbox 1697 977 1751 1030; x_wconf 90' lang='lat' dir='ltr'><strong>in</strong></span> 
     </span>
    </p>
   </div>
   <div class='ocr_carea' id='block_1_55' title="bbox 1032 1055 1746 1121">
    <p class='ocr_par' dir='ltr' id='par_1_55' title="bbox 1032 1055 1746 1121">
     <span class='ocr_line' id='line_1_56' title="bbox 1032 1055 1746 1121; baseline 0.017 -12"><span class='ocrx_word' id='word_1_219' title='bbox 1032 1055 1298 1115; x_wconf 83' lang='lat' dir='ltr'><strong>Hebraico</strong></span> <span class='ocrx_word' id='word_1_220' title='bbox 1327 1061 1559 1119; x_wconf 88' lang='lat' dir='ltr'><strong>Danielis</strong></span> <span class='ocrx_word' id='word_1_221' title='bbox 1601 1074 1746 1121; x_wconf 81' lang='lat' dir='ltr'><strong>textu</strong></span> 
     </span>
    </p>
   </div>
   <div class='ocr_carea' id='block_1_56' title="bbox 1031 1149 1748 1217">
    <p class='ocr_par' dir='ltr' id='par_1_56' title="bbox 1031 1149 1748 1217">
     <span class='ocr_line' id='line_1_57' title="bbox 1031 1149 1748 1217; baseline 0.014 -18"><span class='ocrx_word' id='word_1_222' title='bbox 1031 1161 1143 1200; x_wconf 90' lang='lat' dir='ltr'><strong>non</strong></span> <span class='ocrx_word' id='word_1_223' title='bbox 1204 1149 1415 1217; x_wconf 70' lang='lat' dir='ltr'><strong>scripta:</strong></span> <span class='ocrx_word' id='word_1_224' title='bbox 1456 1161 1613 1217; x_wconf 88' lang='lat' dir='ltr'><strong>sunt;</strong></span> <span class='ocrx_word' id='word_1_225' title='bbox 1657 1155 1748 1208; x_wconf 86' lang='lat' dir='ltr'><strong>sed</strong></span> 
     </span>
    </p>
   </div>
   <div class='ocr_carea' id='block_1_57' title="bbox 1029 1237 1749 1299">
    <p class='ocr_par' dir='ltr' id='par_1_57' title="bbox 1029 1237 1749 1299">
     <span class='ocr_line' id='line_1_58' title="bbox 1029 1237 1749 1299; baseline 0.011 -9"><span class='ocrx_word' id='word_1_226' title='bbox 1029 1245 1088 1290; x_wconf 90' lang='lat' dir='ltr'><strong>et</strong></span> <span class='ocrx_word' id='word_1_227' title='bbox 1149 1237 1215 1292; x_wconf 89' lang='lat' dir='ltr'><strong>de</strong></span> <span class='ocrx_word' id='word_1_228' title='bbox 1282 1240 1401 1293; x_wconf 87' lang='lat' dir='ltr'><strong>aliis</strong></span> <span class='ocrx_word' id='word_1_229' title='bbox 1457 1242 1749 1299; x_wconf 83' lang='lat' dir='ltr'><strong>innumeris</strong></span> 
     </span>
    </p>
   </div>
   <div class='ocr_carea' id='block_1_58' title="bbox 1031 1333 1745 1398">
    <p class='ocr_par' dir='ltr' id='par_1_58' title="bbox 1031 1333 1745 1398">
     <span class='ocr_line' id='line_1_59' title="bbox 1031 1333 1745 1398; baseline 0.011 -17"><span class='ocrx_word' id='word_1_230' title='bbox 1031 1343 1155 1397; x_wconf 69' lang='lat' dir='ltr'><strong>quae</strong></span> <span class='ocrx_word' id='word_1_231' title='bbox 1213 1345 1311 1398; x_wconf 92' lang='lat' dir='ltr'><strong>pro</strong></span> <span class='ocrx_word' id='word_1_232' title='bbox 1376 1333 1592 1387; x_wconf 90' lang='lat' dir='ltr'><strong>modulo</strong></span> <span class='ocrx_word' id='word_1_233' title='bbox 1644 1350 1745 1389; x_wconf 89' lang='lat' dir='ltr'><strong>no-</strong></span> 
     </span>
    </p>
   </div>
   <div class='ocr_carea' id='block_1_59' title="bbox 1031 1424 1747 1494">
    <p class='ocr_par' dir='ltr' id='par_1_59' title="bbox 1031 1424 1747 1494">
     <span class='ocr_line' id='line_1_60' title="bbox 1031 1424 1747 1494; baseline 0.011 -20"><span class='ocrx_word' id='word_1_234' title='bbox 1031 1431 1150 1476; x_wconf 91' lang='lat' dir='ltr'><strong>stro</strong></span> <span class='ocrx_word' id='word_1_235' title='bbox 1167 1464 1183 1488; x_wconf 94' lang='lat'><strong>,</strong></span> <span class='ocrx_word' id='word_1_236' title='bbox 1206 1424 1330 1477; x_wconf 91' lang='lat' dir='ltr'><strong>dum</strong></span> <span class='ocrx_word' id='word_1_237' title='bbox 1353 1426 1747 1494; x_wconf 79' lang='lat' dir='ltr'><strong>exemplaribus</strong></span> 
     </span>
    </p>
   </div>
   <div class='ocr_carea' id='block_1_60' title="bbox 1033 1506 1746 1582">
    <p class='ocr_par' dir='ltr' id='par_1_60' title="bbox 1033 1506 1746 1582">
     <span class='ocr_line' id='line_1_61' title="bbox 1033 1506 1746 1582; baseline 0.013 -22"><span class='ocrx_word' id='word_1_238' title='bbox 1033 1506 1273 1565; x_wconf 69' lang='lat' dir='ltr'><strong>Hebraeis</strong></span> <span class='ocrx_word' id='word_1_239' title='bbox 1314 1525 1746 1582; x_wconf 87' lang='lat' dir='ltr'><strong>compararemus</strong></span> 
     </span>
    </p>
   </div>
   <div class='ocr_carea' id='block_1_61' title="bbox 1032 1605 1744 1671">
    <p class='ocr_par' dir='ltr' id='par_1_61' title="bbox 1032 1605 1744 1671">
     <span class='ocr_line' id='line_1_62' title="bbox 1032 1605 1744 1671; baseline 0.01 -18"><span class='ocrx_word' id='word_1_240' title='bbox 1032 1613 1237 1665; x_wconf 87' lang='lat' dir='ltr'><strong>nostra,</strong></span> <span class='ocrx_word' id='word_1_241' title='bbox 1290 1605 1531 1671; x_wconf 75' lang='lat' dir='ltr'><strong>pluribus</strong></span> <span class='ocrx_word' id='word_1_242' title='bbox 1583 1607 1636 1659; x_wconf 92' lang='lat' dir='ltr'><strong>in</strong></span> <span class='ocrx_word' id='word_1_243' title='bbox 1666 1607 1744 1660; x_wconf 91' lang='lat' dir='ltr'><strong>lo-</strong></span> 
     </span>
    </p>
   </div>
   <div class='ocr_carea' id='block_1_62' title="bbox 1030 1700 1742 1757">
    <p class='ocr_par' dir='ltr' id='par_1_62' title="bbox 1030 1700 1742 1757">
     <span class='ocr_line' id='line_1_63' title="bbox 1030 1700 1742 1757; baseline 0.007 -5"><span class='ocrx_word' id='word_1_244' title='bbox 1030 1700 1110 1753; x_wconf 86' lang='lat' dir='ltr'><strong>cis</strong></span> <span class='ocrx_word' id='word_1_245' title='bbox 1151 1701 1467 1756; x_wconf 85' lang='lat' dir='ltr'><strong>invenimus.</strong></span> <span class='ocrx_word' id='word_1_246' title='bbox 1511 1701 1641 1756; x_wconf 84' lang='lat' dir='ltr'><strong>Nam</strong></span> <span class='ocrx_word' id='word_1_247' title='bbox 1689 1704 1742 1757; x_wconf 91' lang='lat' dir='ltr'><strong>in</strong></span> 
     </span>
    </p>
   </div>
   <div class='ocr_carea' id='block_1_63' title="bbox 1031 1787 1741 1855">
    <p class='ocr_par' dir='ltr' id='par_1_63' title="bbox 1031 1787 1741 1855">
     <span class='ocr_line' id='line_1_64' title="bbox 1031 1787 1741 1855; baseline 0.008 -15"><span class='ocrx_word' id='word_1_248' title='bbox 1031 1787 1154 1855; x_wconf 91' lang='lat' dir='ltr'><strong>ipso</strong></span> <span class='ocrx_word' id='word_1_249' title='bbox 1185 1790 1416 1853; x_wconf 87' lang='lat' dir='ltr'><strong>Daniele,</strong></span> <span class='ocrx_word' id='word_1_250' title='bbox 1449 1791 1538 1845; x_wconf 91' lang='lat' dir='ltr'><strong>ubi</strong></span> <span class='ocrx_word' id='word_1_251' title='bbox 1564 1792 1628 1846; x_wconf 88' lang='lat' dir='ltr'><strong>de</strong></span> <span class='ocrx_word' id='word_1_252' title='bbox 1650 1807 1741 1846; x_wconf 88' lang='lat' dir='ltr'><strong>ca-</strong></span> 
     </span>
    </p>
   </div>
   <div class='ocr_carea' id='block_1_64' title="bbox 1031 1878 1744 1944">
    <p class='ocr_par' dir='ltr' id='par_1_64' title="bbox 1031 1878 1744 1944">
     <span class='ocr_line' id='line_1_65' title="bbox 1031 1878 1744 1944; baseline 0.007 -15"><span class='ocrx_word' id='word_1_253' title='bbox 1031 1878 1179 1931; x_wconf 90' lang='lat' dir='ltr'><strong>mino</strong></span> <span class='ocrx_word' id='word_1_254' title='bbox 1198 1878 1431 1943; x_wconf 78' lang='lat' dir='ltr'><strong>ardente,</strong></span> <span class='ocrx_word' id='word_1_255' title='bbox 1446 1879 1592 1944; x_wconf 89' lang='lat' dir='ltr'><strong>illud,</strong></span> <span class='ocrx_word' id='word_1_256' title='bbox 1611 1897 1744 1934; x_wconf 85' lang='lat' dir='ltr'><strong>com-</strong></span> 
     </span>
    </p>
   </div>
   <div class='ocr_carea' id='block_1_65' title="bbox 1026 1972 1745 2039">
    <p class='ocr_par' dir='ltr' id='par_1_65' title="bbox 1026 1972 1745 2039">
     <span class='ocr_line' id='line_1_66' title="bbox 1026 1972 1745 2039; baseline 0.007 -16"><span class='ocrx_word' id='word_1_257' title='bbox 1026 1972 1239 2039; x_wconf 77' lang='lat' dir='ltr'><strong>pedibus</strong></span> <span class='ocrx_word' id='word_1_258' title='bbox 1284 1974 1439 2026; x_wconf 80' lang='lat' dir='ltr'><strong>vincti</strong></span> <span class='ocrx_word' id='word_1_259' title='bbox 1456 2011 1472 2035; x_wconf 89' lang='lat'><strong>,</strong></span> <span class='ocrx_word' id='word_1_260' title='bbox 1542 1974 1745 2028; x_wconf 86' lang='lat' dir='ltr'><strong>inveni-</strong></span> 
     </span>
    </p>
   </div>
   <div class='ocr_carea' id='block_1_66' title="bbox 1028 2062 1743 2125">
    <p class='ocr_par' dir='ltr' id='par_1_66' title="bbox 1028 2062 1743 2125">
     <span class='ocr_line' id='line_1_67' title="bbox 1028 2062 1743 2125; baseline 0.008 -13"><span class='ocrx_word' id='word_1_261' title='bbox 1028 2075 1198 2125; x_wconf 89' lang='lat' dir='ltr'><strong>mus;</strong></span> <span class='ocrx_word' id='word_1_262' title='bbox 1266 2066 1357 2115; x_wconf 88' lang='lat' dir='ltr'><strong>sed</strong></span> <span class='ocrx_word' id='word_1_263' title='bbox 1422 2062 1476 2115; x_wconf 90' lang='lat' dir='ltr'><strong>in</strong></span> <span class='ocrx_word' id='word_1_264' title='bbox 1547 2064 1743 2118; x_wconf 81' lang='lat' dir='ltr'><strong>nostris</strong></span> 
     </span>
    </p>
   </div>
   <div class='ocr_carea' id='block_1_67' title="bbox 1026 2149 1742 2220">
    <p class='ocr_par' dir='ltr' id='par_1_67' title="bbox 1026 2149 1742 2220">
     <span class='ocr_line' id='line_1_68' title="bbox 1026 2149 1742 2220; baseline 0.007 -20"><span class='ocrx_word' id='word_1_265' title='bbox 1026 2149 1420 2217; x_wconf 78' lang='lat' dir='ltr'><strong>exemplaribus</strong></span> <span class='ocrx_word' id='word_1_266' title='bbox 1459 2188 1474 2213; x_wconf 91' lang='lat'><strong>,</strong></span> <span class='ocrx_word' id='word_1_267' title='bbox 1554 2160 1742 2220; x_wconf 59' lang='lat' dir='ltr'><strong>praeter</strong></span> 
     </span>
    </p>
   </div>
   <div class='ocr_carea' id='block_1_68' title="bbox 1026 2236 1737 2306">
    <p class='ocr_par' dir='ltr' id='par_1_68' title="bbox 1026 2236 1737 2306">
     <span class='ocr_line' id='line_1_69' title="bbox 1026 2236 1737 2306; baseline 0.004 -17"><span class='ocrx_word' id='word_1_268' title='bbox 1026 2251 1089 2290; x_wconf 83' lang='lat' dir='ltr'><strong>ea</strong></span> <span class='ocrx_word' id='word_1_269' title='bbox 1106 2252 1226 2306; x_wconf 72' lang='lat' dir='ltr'><strong>quae</strong></span> <span class='ocrx_word' id='word_1_270' title='bbox 1242 2238 1292 2290; x_wconf 92' lang='lat' dir='ltr'><strong>in</strong></span> <span class='ocrx_word' id='word_1_271' title='bbox 1307 2236 1580 2293; x_wconf 80' lang='lat' dir='ltr'><strong>Hebraicis</strong></span> <span class='ocrx_word' id='word_1_272' title='bbox 1597 2247 1737 2304; x_wconf 89' lang='lat' dir='ltr'><strong>sunt,</strong></span> 
     </span>
    </p>
   </div>
   <div class='ocr_carea' id='block_1_69' title="bbox 1028 2328 1739 2383">
    <p class='ocr_par' dir='ltr' id='par_1_69' title="bbox 1028 2328 1739 2383">
     <span class='ocr_line' id='line_1_70' title="bbox 1028 2328 1739 2383; baseline 0.004 -4"><span class='ocrx_word' id='word_1_273' title='bbox 1028 2328 1299 2380; x_wconf 72' lang='lat' dir='ltr'><strong>abundant</strong></span> <span class='ocrx_word' id='word_1_274' title='bbox 1373 2343 1557 2383; x_wconf 86' lang='lat' dir='ltr'><strong>versus</strong></span> <span class='ocrx_word' id='word_1_275' title='bbox 1634 2344 1739 2383; x_wconf 91' lang='lat' dir='ltr'><strong>non</strong></span> 
     </span>
    </p>
   </div>
   <div class='ocr_carea' id='block_1_70' title="bbox 1025 2417 1736 2485">
    <p class='ocr_par' dir='ltr' id='par_1_70' title="bbox 1025 2417 1736 2485">
     <span class='ocr_line' id='line_1_71' title="bbox 1025 2417 1736 2485; baseline 0.001 -15"><span class='ocrx_word' id='word_1_276' title='bbox 1025 2418 1203 2485; x_wconf 86' lang='lat' dir='ltr'><strong>pauci,</strong></span> <span class='ocrx_word' id='word_1_277' title='bbox 1232 2432 1461 2485; x_wconf 90' lang='lat' dir='ltr'><strong>quorum</strong></span> <span class='ocrx_word' id='word_1_278' title='bbox 1491 2417 1700 2471; x_wconf 90' lang='lat' dir='ltr'><strong>initium</strong></span> <span class='ocrx_word' id='word_1_279' title='bbox 1721 2456 1736 2481; x_wconf 93' lang='lat'><strong>,</strong></span> 
     </span>
    </p>
   </div>
   <div class='ocr_carea' id='block_1_71' title="bbox 1026 2506 1740 2575">
    <p class='ocr_par' dir='ltr' id='par_1_71' title="bbox 1026 2506 1740 2575">
     <span class='ocr_line' id='line_1_72' title="bbox 1026 2506 1740 2575; baseline 0.003 -16"><span class='ocrx_word' id='word_1_280' title='bbox 1026 2506 1317 2559; x_wconf 86' lang='lat' dir='ltr'><strong>secundum</strong></span> <span class='ocrx_word' id='word_1_281' title='bbox 1341 2507 1603 2574; x_wconf 64' lang='lat' dir='ltr'><strong>quaedam,</strong></span> <span class='ocrx_word' id='word_1_282' title='bbox 1622 2514 1740 2575; x_wconf 70' lang='lat' dir='ltr'><strong>quae</strong></span> 
     </span>
    </p>
   </div>
   <div class='ocr_carea' id='block_1_72' title="bbox 1025 2593 1738 2660">
    <p class='ocr_par' dir='ltr' id='par_1_72' title="bbox 1025 2593 1738 2660">
     <span class='ocr_line' id='line_1_73' title="bbox 1025 2593 1738 2660; baseline 0.004 -14"><span class='ocrx_word' id='word_1_283' title='bbox 1025 2595 1077 2647; x_wconf 90' lang='lat' dir='ltr'><strong>in</strong></span> <span class='ocrx_word' id='word_1_284' title='bbox 1116 2593 1370 2648; x_wconf 86' lang='lat' dir='ltr'><strong>Ecclesiis</strong></span> <span class='ocrx_word' id='word_1_285' title='bbox 1392 2603 1535 2660; x_wconf 90' lang='lat' dir='ltr'><strong>sunt,</strong></span> <span class='ocrx_word' id='word_1_286' title='bbox 1558 2610 1738 2649; x_wconf 85' lang='lat' dir='ltr'><strong>exem-</strong></span> 
     </span>
    </p>
   </div>
   <div class='ocr_carea' id='block_1_73' title="bbox 1022 2682 1739 2751">
    <p class='ocr_par' dir='ltr' id='par_1_73' title="bbox 1022 2682 1739 2751">
     <span class='ocr_line' id='line_1_74' title="bbox 1022 2682 1739 2751; baseline 0.004 -16"><span class='ocrx_word' id='word_1_287' title='bbox 1022 2683 1212 2751; x_wconf 85' lang='lat' dir='ltr'><strong>plaria,</strong></span> <span class='ocrx_word' id='word_1_288' title='bbox 1231 2684 1309 2738; x_wconf 90' lang='lat' dir='ltr'><strong>sic</strong></span> <span class='ocrx_word' id='word_1_289' title='bbox 1332 2683 1557 2737; x_wconf 82' lang='lat' dir='ltr'><strong>habebat</strong></span> <span class='ocrx_word' id='word_1_290' title='bbox 1584 2682 1739 2738; x_wconf 84' lang='lat' dir='ltr'><strong>:Pre-</strong></span> 
     </span>
    </p>
   </div>
   <div class='ocr_carea' id='block_1_74' title="bbox 1021 2776 1738 2840">
    <p class='ocr_par' dir='ltr' id='par_1_74' title="bbox 1021 2776 1738 2840">
     <span class='ocr_line' id='line_1_75' title="bbox 1021 2776 1738 2840; baseline 0.006 -14"><span class='ocrx_word' id='word_1_291' title='bbox 1021 2786 1168 2827; x_wconf 86' lang='lat' dir='ltr'><strong>catus</strong></span> <span class='ocrx_word' id='word_1_292' title='bbox 1221 2783 1296 2828; x_wconf 77' lang='lat' dir='ltr'><strong>est</strong></span> <span class='ocrx_word' id='word_1_293' title='bbox 1364 2776 1630 2840; x_wconf 84' lang='lat' dir='ltr'><strong>Ananias,</strong></span> <span class='ocrx_word' id='word_1_294' title='bbox 1687 2786 1738 2832; x_wconf 83' lang='lat' dir='ltr'><strong>et</strong></span> 
     </span>
    </p>
   </div>
   <div class='ocr_carea' id='block_1_75' title="bbox 1018 2855 1737 2929">
    <p class='ocr_par' dir='ltr' id='par_1_75' title="bbox 1018 2855 1737 2929">
     <span class='ocr_line' id='line_1_76' title="bbox 1018 2855 1737 2929; baseline 0.004 -12"><span class='ocrx_word' id='word_1_295' title='bbox 1018 2855 1265 2929; x_wconf 77' lang='lat' dir='ltr'><strong>Azarias,</strong></span> <span class='ocrx_word' id='word_1_296' title='bbox 1321 2875 1370 2918; x_wconf 89' lang='lat' dir='ltr'><strong>et</strong></span> <span class='ocrx_word' id='word_1_297' title='bbox 1424 2864 1631 2929; x_wconf 78' lang='lat' dir='ltr'><strong>Misael,</strong></span> <span class='ocrx_word' id='word_1_298' title='bbox 1686 2875 1737 2920; x_wconf 90' lang='lat' dir='ltr'><strong>et</strong></span> 
     </span>
    </p>
   </div>
   <div class='ocr_carea' id='block_1_76' title="bbox 1019 2952 1732 3019">
    <p class='ocr_par' dir='ltr' id='par_1_76' title="bbox 1019 2952 1732 3019">
     <span class='ocr_line' id='line_1_77' title="bbox 1019 2952 1732 3019; baseline 0.004 -15"><span class='ocrx_word' id='word_1_299' title='bbox 1019 2952 1361 3008; x_wconf 70' lang='lat' dir='ltr'><strong>laudauerunt</strong></span> <span class='ocrx_word' id='word_1_300' title='bbox 1422 2952 1697 3007; x_wconf 85' lang='lat' dir='ltr'><strong>Dominum</strong></span> <span class='ocrx_word' id='word_1_301' title='bbox 1717 2997 1732 3019; x_wconf 87' lang='lat'><strong>,</strong></span> 
     </span>
    </p>
   </div>
   <div class='ocr_carea' id='block_1_77' title="bbox 1016 3045 1736 3114">
    <p class='ocr_par' dir='ltr' id='par_1_77' title="bbox 1016 3045 1736 3114">
     <span class='ocr_line' id='line_1_78' title="bbox 1016 3045 1736 3114; baseline -0.001 -14"><span class='ocrx_word' id='word_1_302' title='bbox 1016 3060 1190 3114; x_wconf 88' lang='lat' dir='ltr'><strong>usque</strong></span> <span class='ocrx_word' id='word_1_303' title='bbox 1217 3046 1280 3098; x_wconf 92' lang='lat' dir='ltr'><strong>ad</strong></span> <span class='ocrx_word' id='word_1_304' title='bbox 1312 3046 1437 3099; x_wconf 89' lang='lat' dir='ltr'><strong>illud</strong></span> <span class='ocrx_word' id='word_1_305' title='bbox 1463 3064 1477 3099; x_wconf 90' lang='lat'><strong>:</strong></span> <span class='ocrx_word' id='word_1_306' title='bbox 1518 3045 1736 3100; x_wconf 84' lang='lat' dir='ltr'><strong>Benedi-</strong></span> 
     </span>
    </p>
   </div>
   <div class='ocr_carea' id='block_1_78' title="bbox 1850 613 2553 671">
    <p class='ocr_par' dir='ltr' id='par_1_78' title="bbox 1850 613 2553 671">
     <span class='ocr_line' id='line_1_79' title="bbox 1850 613 2553 671; baseline 0.01 -8"><span class='ocrx_word' id='word_1_307' title='bbox 1850 613 1954 665; x_wconf 80' lang='grc' dir='ltr'><strong>τὸν</strong></span> <span class='ocrx_word' id='word_1_308' title='bbox 2009 613 2153 667; x_wconf 84' lang='grc' dir='ltr'><strong>Θεὸν</strong></span> <span class='ocrx_word' id='word_1_309' title='bbox 2206 613 2320 668; x_wconf 83' lang='grc' dir='ltr'><strong>τῶν</strong></span> <span class='ocrx_word' id='word_1_310' title='bbox 2391 616 2553 671; x_wconf 85' lang='grc' dir='ltr'><em>θεῶν.</em></span> 
     </span>
    </p>
   </div>
   <div class='ocr_carea' id='block_1_79' title="bbox 1860 705 2558 778">
    <p class='ocr_par' dir='ltr' id='par_1_79' title="bbox 1860 705 2558 778">
     <span class='ocr_line' id='line_1_80' title="bbox 1860 705 2558 778; baseline 0.011 -23"><span class='ocrx_word' id='word_1_311' title='bbox 1860 705 2106 773; x_wconf 77' lang='grc' dir='ltr'><strong>’Υμνεῖτε</strong></span> <span class='ocrx_word' id='word_1_312' title='bbox 2145 709 2242 761; x_wconf 78' lang='grc' dir='ltr'><em>καὶ</em></span> <span class='ocrx_word' id='word_1_313' title='bbox 2287 709 2558 778; x_wconf 74' lang='grc' dir='ltr'><em>ἐξομολο-</em></span> 
     </span>
    </p>
   </div>
   <div class='ocr_carea' id='block_1_80' title="bbox 1849 793 2556 864">
    <p class='ocr_par' dir='ltr' id='par_1_80' title="bbox 1849 793 2556 864">
     <span class='ocr_line' id='line_1_81' title="bbox 1849 793 2556 864; baseline 0.01 -19"><span class='ocrx_word' id='word_1_314' title='bbox 1849 793 2061 861; x_wconf 79' lang='grc' dir='ltr'><em>γεῖσθε,</em></span> <span class='ocrx_word' id='word_1_315' title='bbox 2105 795 2191 849; x_wconf 85' lang='grc' dir='ltr'><em>ὅτι</em></span> <span class='ocrx_word' id='word_1_316' title='bbox 2222 800 2307 863; x_wconf 82' lang='grc' dir='ltr'><strong>εις</strong></span> <span class='ocrx_word' id='word_1_317' title='bbox 2334 797 2556 864; x_wconf 80' lang='grc' dir='ltr'><em>πάντας</em></span> 
     </span>
    </p>
   </div>
   <div class='ocr_carea' id='block_1_81' title="bbox 1849 884 2555 955">
    <p class='ocr_par' dir='ltr' id='par_1_81' title="bbox 1849 884 2555 955">
     <span class='ocr_line' id='line_1_82' title="bbox 1849 884 2555 955; baseline 0.011 -20"><span class='ocrx_word' id='word_1_318' title='bbox 1849 884 1983 949; x_wconf 83' lang='grc' dir='ltr'><em>τοὺς</em></span> <span class='ocrx_word' id='word_1_319' title='bbox 2007 884 2219 951; x_wconf 70' lang='grc' dir='ltr'><em>αἰῶνας</em></span> <span class='ocrx_word' id='word_1_320' title='bbox 2275 888 2341 941; x_wconf 83' lang='grc' dir='ltr'><em>τὸ</em></span> <span class='ocrx_word' id='word_1_321' title='bbox 2388 890 2555 955; x_wconf 76' lang='grc' dir='ltr'><em>ἔλεος</em></span> 
     </span>
    </p>
   </div>
   <div class='ocr_carea' id='block_1_82' title="bbox 1849 973 2554 1044">
    <p class='ocr_par' dir='ltr' id='par_1_82' title="bbox 1849 973 2554 1044">
     <span class='ocr_line' id='line_1_83' title="bbox 1849 973 2554 1044; baseline 0.007 -19"><span class='ocrx_word' id='word_1_322' title='bbox 1849 973 2049 1027; x_wconf 86' lang='grc' dir='ltr'><em>αὑτοῦ.</em></span> <span class='ocrx_word' id='word_1_323' title='bbox 2112 975 2351 1044; x_wconf 84' lang='grc' dir='ltr'><em>Συνῆπτο</em></span> <span class='ocrx_word' id='word_1_324' title='bbox 2396 977 2452 1029; x_wconf 85' lang='grc' dir='ltr'>δὲ</span> <span class='ocrx_word' id='word_1_325' title='bbox 2499 981 2554 1030; x_wconf 83' lang='grc' dir='ltr'><em>ὲν</em></span> 
     </span>
    </p>
   </div>
   <div class='ocr_carea' id='block_1_83' title="bbox 1848 1067 2553 1138">
    <p class='ocr_par' dir='ltr' id='par_1_83' title="bbox 1848 1067 2553 1138">
     <span class='ocr_line' id='line_1_84' title="bbox 1848 1067 2553 1138; baseline 0.013 -22"><span class='ocrx_word' id='word_1_326' title='bbox 1848 1068 1957 1128; x_wconf 82' lang='grc' dir='ltr'><em>τοῖς</em></span> <span class='ocrx_word' id='word_1_327' title='bbox 1999 1067 2294 1138; x_wconf 79' lang='grc' dir='ltr'><strong>Ἑϐραϊκοῖς</strong></span> <span class='ocrx_word' id='word_1_328' title='bbox 2338 1070 2416 1123; x_wconf 83' lang='grc' dir='ltr'><strong>τό·</strong></span> <span class='ocrx_word' id='word_1_329' title='bbox 2445 1072 2553 1125; x_wconf 77' lang='grc' dir='ltr'><strong>Καὶ</strong></span> 
     </span>
    </p>
   </div>
   <div class='ocr_carea' id='block_1_84' title="bbox 1850 1152 2555 1220">
    <p class='ocr_par' dir='ltr' id='par_1_84' title="bbox 1850 1152 2555 1220">
     <span class='ocr_line' id='line_1_85' title="bbox 1850 1152 2555 1220; baseline 0.013 -17"><span class='ocrx_word' id='word_1_330' title='bbox 1850 1154 1903 1204; x_wconf 78' lang='grc' dir='ltr'><em>οἱ</em></span> <span class='ocrx_word' id='word_1_331' title='bbox 1950 1152 2159 1220; x_wconf 63' lang='grc' dir='ltr'><em>ἄνδρες</em></span> <span class='ocrx_word' id='word_1_332' title='bbox 2226 1155 2436 1210; x_wconf 81' lang='grc' dir='ltr'><em>ἐκεῖνοι</em></span> <span class='ocrx_word' id='word_1_333' title='bbox 2501 1162 2555 1212; x_wconf 82' lang='grc' dir='ltr'><em>οὶ</em></span> 
     </span>
    </p>
   </div>
   <div class='ocr_carea' id='block_1_85' title="bbox 1850 1240 2551 1316">
    <p class='ocr_par' dir='ltr' id='par_1_85' title="bbox 1850 1240 2551 1316">
     <span class='ocr_line' id='line_1_86' title="bbox 1850 1240 2551 1316; baseline 0.016 -24"><span class='ocrx_word' id='word_1_334' title='bbox 1850 1240 2002 1307; x_wconf 83' lang='grc' dir='ltr'><em>τρεῖς</em></span> <span class='ocrx_word' id='word_1_335' title='bbox 2042 1244 2283 1313; x_wconf 82' lang='grc' dir='ltr'><em>Σεὸρὰχ,</em></span> <span class='ocrx_word' id='word_1_336' title='bbox 2335 1247 2551 1316; x_wconf 81' lang='grc' dir='ltr'><em>Μισὰχ,</em></span> 
     </span>
    </p>
   </div>
   <div class='ocr_carea' id='block_1_86' title="bbox 1859 1330 2554 1405">
    <p class='ocr_par' dir='ltr' id='par_1_86' title="bbox 1859 1330 2554 1405">
     <span class='ocr_line' id='line_1_87' title="bbox 1859 1330 2554 1405; baseline 0.013 -24"><span class='ocrx_word' id='word_1_337' title='bbox 1859 1330 2177 1400; x_wconf 63' lang='grc' dir='ltr'><strong>Ἀϐδενενχνὼ,</strong></span> <span class='ocrx_word' id='word_1_338' title='bbox 2208 1334 2428 1389; x_wconf 76' lang='grc' dir='ltr'><em>ἔπεσον</em></span> <span class='ocrx_word' id='word_1_339' title='bbox 2468 1340 2554 1405; x_wconf 74' lang='grc' dir='ltr'><strong>εις</strong></span> 
     </span>
    </p>
   </div>
   <div class='ocr_carea' id='block_1_87' title="bbox 1842 1418 2554 1491">
    <p class='ocr_par' dir='ltr' id='par_1_87' title="bbox 1842 1418 2554 1491">
     <span class='ocr_line' id='line_1_88' title="bbox 1842 1418 2554 1491; baseline 0.013 -20"><span class='ocrx_word' id='word_1_340' title='bbox 1842 1418 2029 1486; x_wconf 80' lang='grc' dir='ltr'><em>μέσον</em></span> <span class='ocrx_word' id='word_1_341' title='bbox 2084 1421 2188 1474; x_wconf 87' lang='grc' dir='ltr'><em>τοῦ</em></span> <span class='ocrx_word' id='word_1_342' title='bbox 2236 1423 2420 1491; x_wconf 80' lang='grc' dir='ltr'><em>πυρὸς</em></span> <span class='ocrx_word' id='word_1_343' title='bbox 2461 1437 2554 1480; x_wconf 79' lang='grc' dir='ltr'><strong>πε-</strong></span> 
     </span>
    </p>
   </div>
   <div class='ocr_carea' id='block_1_88' title="bbox 1843 1512 2551 1581">
    <p class='ocr_par' dir='ltr' id='par_1_88' title="bbox 1843 1512 2551 1581">
     <span class='ocr_line' id='line_1_89' title="bbox 1843 1512 2551 1581; baseline 0.014 -19"><span class='ocrx_word' id='word_1_344' title='bbox 1843 1512 2172 1581; x_wconf 74' lang='grc' dir='ltr'><em>πεδημένον</em></span> <span class='ocrx_word' id='word_1_345' title='bbox 2232 1516 2291 1568; x_wconf 86' lang='grc' dir='ltr'><em>τό</em></span> <span class='ocrx_word' id='word_1_346' title='bbox 2336 1533 2426 1570; x_wconf 77' lang='grc' dir='ltr'><em>τεο</em></span> <span class='ocrx_word' id='word_1_347' title='bbox 2491 1519 2551 1572; x_wconf 90' lang='lat'><strong>&#39;0</strong></span> 
     </span>
    </p>
   </div>
   <div class='ocr_carea' id='block_1_89' title="bbox 1835 1601 2552 1678">
    <p class='ocr_par' dir='ltr' id='par_1_89' title="bbox 1835 1601 2552 1678">
     <span class='ocr_line' id='line_1_90' title="bbox 1835 1601 2552 1678; baseline 0.013 -23"><span class='ocrx_word' id='word_1_348' title='bbox 1835 1601 2126 1670; x_wconf 76' lang='grc' dir='ltr'><em>,βασιλεὺς</em></span> <span class='ocrx_word' id='word_1_349' title='bbox 2161 1608 2194 1658; x_wconf 86' lang='grc' dir='ltr'><em>ό</em></span> <span class='ocrx_word' id='word_1_350' title='bbox 2221 1609 2552 1678; x_wconf 78' lang='grc' dir='ltr'><em>Ναϐυχοδο-</em></span> 
     </span>
    </p>
   </div>
   <div class='ocr_carea' id='block_1_90' title="bbox 1840 1694 2547 1766">
    <p class='ocr_par' dir='ltr' id='par_1_90' title="bbox 1840 1694 2547 1766">
     <span class='ocr_line' id='line_1_91' title="bbox 1840 1694 2547 1766; baseline 0.016 -22"><span class='ocrx_word' id='word_1_351' title='bbox 1840 1694 2020 1761; x_wconf 87' lang='grc' dir='ltr'><em>νόσορ</em></span> <span class='ocrx_word' id='word_1_352' title='bbox 2079 1696 2392 1766; x_wconf 83' lang='grc' dir='ltr'><em>ἐθαύμασε,</em></span> <span class='ocrx_word' id='word_1_353' title='bbox 2451 1703 2547 1755; x_wconf 78' lang='grc' dir='ltr'><em>καὶ</em></span> 
     </span>
    </p>
   </div>
   <div class='ocr_carea' id='block_1_91' title="bbox 1840 1781 2550 1856">
    <p class='ocr_par' dir='ltr' id='par_1_91' title="bbox 1840 1781 2550 1856">
     <span class='ocr_line' id='line_1_92' title="bbox 1840 1781 2550 1856; baseline 0.01 -20"><span class='ocrx_word' id='word_1_354' title='bbox 1840 1781 2057 1851; x_wconf 83' lang='grc' dir='ltr'><strong>ἀνέστη</strong></span> <span class='ocrx_word' id='word_1_355' title='bbox 2083 1786 2150 1838; x_wconf 82' lang='grc' dir='ltr'><em>ἐν</em></span> <span class='ocrx_word' id='word_1_356' title='bbox 2180 1788 2432 1856; x_wconf 76' lang='grc' dir='ltr'><em>σπουδῇ,</em></span> <span class='ocrx_word' id='word_1_357' title='bbox 2454 1790 2550 1843; x_wconf 75' lang='grc' dir='ltr'><em>καὶ</em></span> 
     </span>
    </p>
   </div>
   <div class='ocr_carea' id='block_1_92' title="bbox 1842 1870 2549 1945">
    <p class='ocr_par' dir='ltr' id='par_1_92' title="bbox 1842 1870 2549 1945">
     <span class='ocr_line' id='line_1_93' title="bbox 1842 1870 2549 1945; baseline 0.007 -21"><span class='ocrx_word' id='word_1_358' title='bbox 1842 1870 2122 1941; x_wconf 78' lang='grc' dir='ltr'><strong>ἀπεκρίθη</strong></span> <span class='ocrx_word' id='word_1_359' title='bbox 2152 1874 2250 1927; x_wconf 76' lang='grc' dir='ltr'><em>καὶ</em></span> <span class='ocrx_word' id='word_1_360' title='bbox 2269 1872 2395 1929; x_wconf 78' lang='grc' dir='ltr'><em>εἷπε</em></span> <span class='ocrx_word' id='word_1_361' title='bbox 2426 1877 2549 1945; x_wconf 84' lang='grc' dir='ltr'><em>τοῖς</em></span> 
     </span>
    </p>
   </div>
   <div class='ocr_carea' id='block_1_93' title="bbox 1835 1962 2550 2032">
    <p class='ocr_par' dir='ltr' id='par_1_93' title="bbox 1835 1962 2550 2032">
     <span class='ocr_line' id='line_1_94' title="bbox 1835 1962 2550 2032; baseline 0.014 -19"><span class='ocrx_word' id='word_1_362' title='bbox 1835 1962 2186 2032; x_wconf 80' lang='grc' dir='ltr'><em>μεγιστᾶσιν</em></span> <span class='ocrx_word' id='word_1_363' title='bbox 2206 1968 2414 2021; x_wconf 82' lang='grc' dir='ltr'><em>αὐτοῦ.</em></span> <span class='ocrx_word' id='word_1_364' title='bbox 2449 1969 2550 2023; x_wconf 79' lang='grc' dir='ltr'><strong>Οὖ-</strong></span> 
     </span>
    </p>
   </div>
   <div class='ocr_carea' id='block_1_94' title="bbox 1839 2055 2547 2125">
    <p class='ocr_par' dir='ltr' id='par_1_94' title="bbox 1839 2055 2547 2125">
     <span class='ocr_line' id='line_1_95' title="bbox 1839 2055 2547 2125; baseline 0.011 -21"><span class='ocrx_word' id='word_1_365' title='bbox 1839 2069 1914 2104; x_wconf 86' lang='grc' dir='ltr'><em>τω</em></span> <span class='ocrx_word' id='word_1_366' title='bbox 1974 2055 2080 2125; x_wconf 84' lang='grc' dir='ltr'><strong>γὰρ</strong></span> <span class='ocrx_word' id='word_1_367' title='bbox 2145 2057 2369 2121; x_wconf 81' lang='grc' dir='ltr'><strong>Ἀκύλας</strong></span> <span class='ocrx_word' id='word_1_368' title='bbox 2428 2059 2547 2111; x_wconf 87' lang='grc' dir='ltr'><em>δου-</em></span> 
     </span>
    </p>
   </div>
   <div class='ocr_carea' id='block_1_95' title="bbox 1838 2139 2550 2216">
    <p class='ocr_par' dir='ltr' id='par_1_95' title="bbox 1838 2139 2550 2216">
     <span class='ocr_line' id='line_1_96' title="bbox 1838 2139 2550 2216; baseline 0.01 -24"><span class='ocrx_word' id='word_1_369' title='bbox 1838 2139 2004 2194; x_wconf 86' lang='grc' dir='ltr'><em>λεύων</em></span> <span class='ocrx_word' id='word_1_370' title='bbox 2040 2146 2103 2214; x_wconf 82' lang='grc' dir='ltr'><em>τῇ</em></span> <span class='ocrx_word' id='word_1_371' title='bbox 2156 2144 2407 2216; x_wconf 78' lang='grc' dir='ltr'><strong>Ἐσραῖκῇ</strong></span> <span class='ocrx_word' id='word_1_372' title='bbox 2465 2146 2550 2199; x_wconf 81' lang='grc' dir='ltr'><strong>λέ-</strong></span> 
     </span>
    </p>
   </div>
   <div class='ocr_carea' id='block_1_96' title="bbox 1840 2228 2543 2296">
    <p class='ocr_par' dir='ltr' id='par_1_96' title="bbox 1840 2228 2543 2296">
     <span class='ocr_line' id='line_1_97' title="bbox 1840 2228 2543 2296; baseline 0.011 -15"><span class='ocrx_word' id='word_1_373' title='bbox 1840 2228 1918 2295; x_wconf 79' lang='grc' dir='ltr'><em>ξει</em></span> <span class='ocrx_word' id='word_1_374' title='bbox 1982 2232 2270 2288; x_wconf 73' lang='grc' dir='ltr'><strong>ἐκδέδωκεν</strong></span> <span class='ocrx_word' id='word_1_375' title='bbox 2332 2234 2499 2288; x_wconf 75' lang='grc' dir='ltr'><em>εἰπὼν</em></span> <span class='ocrx_word' id='word_1_376' title='bbox 2529 2274 2543 2296; x_wconf 93' lang='grc'><strong>,</strong></span> 
     </span>
    </p>
   </div>
   <div class='ocr_carea' id='block_1_97' title="bbox 1839 2319 2546 2391">
    <p class='ocr_par' dir='ltr' id='par_1_97' title="bbox 1839 2319 2546 2391">
     <span class='ocr_line' id='line_1_98' title="bbox 1839 2319 2546 2391; baseline 0.011 -22"><span class='ocrx_word' id='word_1_377' title='bbox 1839 2319 2232 2391; x_wconf 80' lang='grc' dir='ltr'><strong>φιλοτιμότερον</strong></span> <span class='ocrx_word' id='word_1_378' title='bbox 2263 2339 2546 2376; x_wconf 81' lang='grc' dir='ltr'><em>πεπιστευ-</em></span> 
     </span>
    </p>
   </div>
   <div class='ocr_carea' id='block_1_98' title="bbox 1840 2411 2546 2484">
    <p class='ocr_par' dir='ltr' id='par_1_98' title="bbox 1840 2411 2546 2484">
     <span class='ocr_line' id='line_1_99' title="bbox 1840 2411 2546 2484; baseline 0.011 -23"><span class='ocrx_word' id='word_1_379' title='bbox 1840 2411 1995 2480; x_wconf 80' lang='grc' dir='ltr'><em>μένος</em></span> <span class='ocrx_word' id='word_1_380' title='bbox 2046 2413 2191 2484; x_wconf 82' lang='grc' dir='ltr'><strong>παρὰ</strong></span> <span class='ocrx_word' id='word_1_381' title='bbox 2271 2416 2546 2480; x_wconf 83' lang='grc' dir='ltr'><strong>Ἰουδαίους</strong></span> 
     </span>
    </p>
   </div>
   <div class='ocr_carea' id='block_1_99' title="bbox 1836 2500 2541 2577">
    <p class='ocr_par' dir='ltr' id='par_1_99' title="bbox 1836 2500 2541 2577">
     <span class='ocr_line' id='line_1_100' title="bbox 1836 2500 2541 2577; baseline 0.009 -25"><span class='ocrx_word' id='word_1_382' title='bbox 1836 2500 2224 2571; x_wconf 83' lang='grc' dir='ltr'><em>ήρμηνευκέναι</em></span> <span class='ocrx_word' id='word_1_383' title='bbox 2261 2503 2354 2574; x_wconf 80' lang='grc' dir='ltr'><em>τὴν</em></span> <span class='ocrx_word' id='word_1_384' title='bbox 2401 2506 2541 2577; x_wconf 84' lang='grc' dir='ltr'><strong>Γρα-</strong></span> 
     </span>
    </p>
   </div>
   <div class='ocr_carea' id='block_1_100' title="bbox 1836 2582 2543 2658">
    <p class='ocr_par' dir='ltr' id='par_1_100' title="bbox 1836 2582 2543 2658">
     <span class='ocr_line' id='line_1_101' title="bbox 1836 2582 2543 2658; baseline 0.011 -19"><span class='ocrx_word' id='word_1_385' title='bbox 1836 2586 1957 2657; x_wconf 82' lang='grc' dir='ltr'><em>φὴν,</em></span> <span class='ocrx_word' id='word_1_386' title='bbox 1980 2582 2023 2655; x_wconf 84' lang='grc' dir='ltr'><strong>ᾧ</strong></span> <span class='ocrx_word' id='word_1_387' title='bbox 2052 2589 2276 2658; x_wconf 79' lang='grc' dir='ltr'><em>μάλιστα</em></span> <span class='ocrx_word' id='word_1_388' title='bbox 2300 2590 2543 2647; x_wconf 77' lang='grc' dir='ltr'><em>εἰώθασιν</em></span> 
     </span>
    </p>
   </div>
   <div class='ocr_carea' id='block_1_101' title="bbox 1834 2676 2541 2752">
    <p class='ocr_par' dir='ltr' id='par_1_101' title="bbox 1834 2676 2541 2752">
     <span class='ocr_line' id='line_1_102' title="bbox 1834 2676 2541 2752; baseline 0.011 -23"><span class='ocrx_word' id='word_1_389' title='bbox 1834 2678 1882 2729; x_wconf 80' lang='grc' dir='ltr'><em>οἱ</em></span> <span class='ocrx_word' id='word_1_390' title='bbox 1938 2676 2248 2745; x_wconf 79' lang='grc' dir='ltr'><strong>ἀγνοοῦντες</strong></span> <span class='ocrx_word' id='word_1_391' title='bbox 2298 2682 2398 2752; x_wconf 82' lang='grc' dir='ltr'><em>τὴν</em></span> <span class='ocrx_word' id='word_1_392' title='bbox 2455 2683 2541 2735; x_wconf 89' lang='lat' dir='ltr'><strong>&#39;E-</strong></span> 
     </span>
    </p>
   </div>
   <div class='ocr_carea' id='block_1_102' title="bbox 1834 2771 2540 2848">
    <p class='ocr_par' dir='ltr' id='par_1_102' title="bbox 1834 2771 2540 2848">
     <span class='ocr_line' id='line_1_103' title="bbox 1834 2771 2540 2848; baseline 0.008 -25"><span class='ocrx_word' id='word_1_393' title='bbox 1834 2771 2035 2841; x_wconf 85' lang='grc' dir='ltr'><em>6ραίων</em></span> <span class='ocrx_word' id='word_1_394' title='bbox 2089 2773 2358 2828; x_wconf 85' lang='grc' dir='ltr'><em>διάλεκτον</em></span> <span class='ocrx_word' id='word_1_395' title='bbox 2409 2777 2540 2848; x_wconf 83' lang='grc' dir='ltr'><strong>χρῆ-</strong></span> 
     </span>
    </p>
   </div>
   <div class='ocr_carea' id='block_1_103' title="bbox 1836 2865 2541 2939">
    <p class='ocr_par' dir='ltr' id='par_1_103' title="bbox 1836 2865 2541 2939">
     <span class='ocr_line' id='line_1_104' title="bbox 1836 2865 2541 2939; baseline 0.014 -23"><span class='ocrx_word' id='word_1_396' title='bbox 1836 2865 1978 2930; x_wconf 86' lang='grc' dir='ltr'><em>σθαι,</em></span> <span class='ocrx_word' id='word_1_397' title='bbox 2007 2867 2081 2929; x_wconf 82' lang='grc' dir='ltr'><em>ὼς</em></span> <span class='ocrx_word' id='word_1_398' title='bbox 2108 2868 2321 2922; x_wconf 84' lang='grc' dir='ltr'><em>πάντων</em></span> <span class='ocrx_word' id='word_1_399' title='bbox 2346 2871 2541 2939; x_wconf 83' lang='grc' dir='ltr'><em>μᾶλλον</em></span> 
     </span>
    </p>
   </div>
   <div class='ocr_carea' id='block_1_104' title="bbox 1833 2959 2540 3032">
    <p class='ocr_par' dir='ltr' id='par_1_104' title="bbox 1833 2959 2540 3032">
     <span class='ocr_line' id='line_1_105' title="bbox 1833 2959 2540 3032; baseline 0.013 -22"><span class='ocrx_word' id='word_1_400' title='bbox 1833 2959 2275 3032; x_wconf 82' lang='grc' dir='ltr'><em>ὲπιτετευγμένῳ.</em></span> <span class='ocrx_word' id='word_1_401' title='bbox 2331 2964 2410 3016; x_wconf 81' lang='grc' dir='ltr'><strong>Τὰ</strong></span> <span class='ocrx_word' id='word_1_402' title='bbox 2484 2965 2540 3020; x_wconf 80' lang='grc' dir='ltr'><strong>δὲ</strong></span> 
     </span>
    </p>
   </div>
   <div class='ocr_carea' id='block_1_105' title="bbox 1834 3050 2535 3122">
    <p class='ocr_par' dir='ltr' id='par_1_105' title="bbox 1834 3050 2535 3122">
     <span class='ocr_line' id='line_1_106' title="bbox 1834 3050 2535 3122; baseline 0.013 -24"><span class='ocrx_word' id='word_1_403' title='bbox 1834 3050 1958 3119; x_wconf 82' lang='grc' dir='ltr'><strong>παρ’</strong></span> <span class='ocrx_word' id='word_1_404' title='bbox 2016 3051 2144 3119; x_wconf 83' lang='grc' dir='ltr'><strong>ἡμῖν</strong></span> <span class='ocrx_word' id='word_1_405' title='bbox 2216 3052 2535 3122; x_wconf 79' lang='grc' dir='ltr'><em>ἀντίγραφα,</em></span> 
     </span>
    </p>
   </div>
   <div class='ocr_carea' id='block_1_106' title="bbox 1016 3129 2537 3204">
    <p class='ocr_par' dir='ltr' id='par_1_106' title="bbox 1016 3129 2537 3204">
     <span class='ocr_line' id='line_1_107' title="bbox 1016 3129 2537 3204; baseline 0.005 -17"><span class='ocrx_word' id='word_1_406' title='bbox 1016 3136 1118 3188; x_wconf 89' lang='lat' dir='ltr'><strong>cite</strong></span> <span class='ocrx_word' id='word_1_407' title='bbox 1165 3151 1339 3187; x_wconf 87' lang='lat' dir='ltr'><strong>omnes</strong></span> <span class='ocrx_word' id='word_1_408' title='bbox 1390 3135 1605 3188; x_wconf 88' lang='lat' dir='ltr'><strong>colentes</strong></span> <span class='ocrx_word' id='word_1_409' title='bbox 1627 3134 1733 3188; x_wconf 87' lang='lat' dir='ltr'><strong>Do-</strong></span> <span class='ocrx_word' id='word_1_410' title='bbox 1757 3144 1799 3201; x_wconf 72' lang='grc' dir='ltr'><strong>α</strong></span> <span class='ocrx_word' id='word_1_411' title='bbox 1831 3129 1904 3189; x_wconf 82' lang='grc' dir='ltr'><em>ὧν</em></span> <span class='ocrx_word' id='word_1_412' title='bbox 1931 3139 2021 3190; x_wconf 75' lang='grc' dir='ltr'><strong>καὶ</strong></span> <span class='ocrx_word' id='word_1_413' title='bbox 2044 3139 2140 3201; x_wconf 76' lang='grc' dir='ltr'><strong>τὰς</strong></span> <span class='ocrx_word' id='word_1_414' title='bbox 2163 3139 2537 3204; x_wconf 70' lang='grc' dir='ltr'><strong>λέξειςοὲξεθέ-</strong></span> 
     </span>
    </p>
   </div>
   <div class='ocr_carea' id='block_1_107' title="bbox 1014 3225 1726 3279">
    <p class='ocr_par' dir='ltr' id='par_1_107' title="bbox 1014 3225 1726 3279">
     <span class='ocr_line' id='line_1_108' title="bbox 1014 3225 1726 3279; baseline 0.001 -1"><span class='ocrx_word' id='word_1_415' title='bbox 1014 3227 1215 3279; x_wconf 85' lang='lat' dir='ltr'><strong>minum</strong></span> <span class='ocrx_word' id='word_1_416' title='bbox 1272 3226 1432 3279; x_wconf 87' lang='lat' dir='ltr'><strong>Deum</strong></span> <span class='ocrx_word' id='word_1_417' title='bbox 1479 3225 1686 3278; x_wconf 89' lang='lat' dir='ltr'><strong>deorum</strong></span> <span class='ocrx_word' id='word_1_418' title='bbox 1708 3241 1726 3279; x_wconf 92' lang='lat'><strong><em>:</em></strong></span> 
     </span>
    </p>
   </div>
   <div class='ocr_carea' id='block_1_108' title="bbox 1014 3313 1726 3381">
    <p class='ocr_par' dir='ltr' id='par_1_108' title="bbox 1014 3313 1726 3381">
     <span class='ocr_line' id='line_1_109' title="bbox 1014 3313 1726 3381; baseline -0.004 -13"><span class='ocrx_word' id='word_1_419' title='bbox 1014 3315 1228 3370; x_wconf 82' lang='lat' dir='ltr'><strong>laudate</strong></span> <span class='ocrx_word' id='word_1_420' title='bbox 1276 3324 1326 3368; x_wconf 87' lang='lat' dir='ltr'><strong>et</strong></span> <span class='ocrx_word' id='word_1_421' title='bbox 1397 3313 1726 3381; x_wconf 69' lang='lat' dir='ltr'><strong>conﬁtemini,</strong></span> 
     </span>
    </p>
   </div>
   <div class='ocr_carea' id='block_1_109' title="bbox 1012 3402 1728 3474">
    <p class='ocr_par' dir='ltr' id='par_1_109' title="bbox 1012 3402 1728 3474">
     <span class='ocr_line' id='line_1_110' title="bbox 1012 3402 1728 3474; baseline -0.007 -16"><span class='ocrx_word' id='word_1_422' title='bbox 1012 3406 1253 3474; x_wconf 88' lang='lat' dir='ltr'><strong>quoniam</strong></span> <span class='ocrx_word' id='word_1_423' title='bbox 1276 3405 1331 3456; x_wconf 87' lang='lat' dir='ltr'><strong>in</strong></span> <span class='ocrx_word' id='word_1_424' title='bbox 1352 3403 1598 3456; x_wconf 63' lang='lat' dir='ltr'><strong>saeculum</strong></span> <span class='ocrx_word' id='word_1_425' title='bbox 1629 3402 1728 3454; x_wconf 83' lang='lat' dir='ltr'><strong>mi-</strong></span> 
     </span>
    </p>
   </div>
   <div class='ocr_carea' id='block_1_110' title="bbox 1012 3490 1726 3558">
    <p class='ocr_par' dir='ltr' id='par_1_110' title="bbox 1012 3490 1726 3558">
     <span class='ocr_line' id='line_1_111' title="bbox 1012 3490 1726 3558; baseline -0.006 -14"><span class='ocrx_word' id='word_1_426' title='bbox 1012 3492 1294 3544; x_wconf 86' lang='lat' dir='ltr'><strong>sericordia</strong></span> <span class='ocrx_word' id='word_1_427' title='bbox 1314 3490 1445 3558; x_wconf 88' lang='lat' dir='ltr'><strong>ejus,</strong></span> <span class='ocrx_word' id='word_1_428' title='bbox 1468 3502 1516 3543; x_wconf 90' lang='lat' dir='ltr'><strong>et</strong></span> <span class='ocrx_word' id='word_1_429' title='bbox 1540 3490 1595 3541; x_wconf 87' lang='lat' dir='ltr'><strong>in</strong></span> <span class='ocrx_word' id='word_1_430' title='bbox 1627 3503 1726 3541; x_wconf 70' lang='lat' dir='ltr'><strong>sas-</strong></span> 
     </span>
    </p>
   </div>
   <div class='ocr_carea' id='block_1_111' title="bbox 1013 3579 1728 3648">
    <p class='ocr_par' dir='ltr' id='par_1_111' title="bbox 1013 3579 1728 3648">
     <span class='ocr_line' id='line_1_112' title="bbox 1013 3579 1728 3648; baseline -0.011 -8"><span class='ocrx_word' id='word_1_431' title='bbox 1013 3585 1184 3640; x_wconf 85' lang='lat' dir='ltr'><strong>culunt</strong></span> <span class='ocrx_word' id='word_1_432' title='bbox 1210 3582 1537 3636; x_wconf 77' lang='lat' dir='ltr'><strong>steculorum.</strong></span> <span class='ocrx_word' id='word_1_433' title='bbox 1569 3579 1635 3632; x_wconf 82' lang='lat' dir='ltr'><strong>Et</strong></span> <span class='ocrx_word' id='word_1_434' title='bbox 1652 3580 1728 3648; x_wconf 81' lang='lat' dir='ltr'><strong>fa-</strong></span> 
     </span>
    </p>
   </div>
   <div class='ocr_carea' id='block_1_112' title="bbox 1012 3670 1725 3728">
    <p class='ocr_par' dir='ltr' id='par_1_112' title="bbox 1012 3670 1725 3728">
     <span class='ocr_line' id='line_1_113' title="bbox 1012 3670 1725 3728; baseline -0.01 -1"><span class='ocrx_word' id='word_1_435' title='bbox 1012 3684 1149 3728; x_wconf 84' lang='lat' dir='ltr'><strong>ctum</strong></span> <span class='ocrx_word' id='word_1_436' title='bbox 1182 3681 1257 3725; x_wconf 87' lang='lat' dir='ltr'><strong>est</strong></span> <span class='ocrx_word' id='word_1_437' title='bbox 1282 3687 1397 3724; x_wconf 87' lang='lat' dir='ltr'><strong>cum</strong></span> <span class='ocrx_word' id='word_1_438' title='bbox 1413 3670 1613 3722; x_wconf 79' lang='lat' dir='ltr'><strong>audiret</strong></span> <span class='ocrx_word' id='word_1_439' title='bbox 1635 3684 1725 3721; x_wconf 79' lang='lat' dir='ltr'><strong>rea:</strong></span> 
     </span>
    </p>
   </div>
   <div class='ocr_carea' id='block_1_113' title="bbox 1010 3758 1722 3824">
    <p class='ocr_par' dir='ltr' id='par_1_113' title="bbox 1010 3758 1722 3824">
     <span class='ocr_line' id='line_1_114' title="bbox 1010 3758 1722 3824; baseline -0.008 -9"><span class='ocrx_word' id='word_1_440' title='bbox 1010 3763 1129 3816; x_wconf 84' lang='lat' dir='ltr'><strong>illos</strong></span> <span class='ocrx_word' id='word_1_441' title='bbox 1194 3760 1499 3824; x_wconf 85' lang='lat' dir='ltr'><strong>laudantes,</strong></span> <span class='ocrx_word' id='word_1_442' title='bbox 1556 3767 1606 3810; x_wconf 84' lang='lat' dir='ltr'><strong>et</strong></span> <span class='ocrx_word' id='word_1_443' title='bbox 1652 3758 1722 3810; x_wconf 79' lang='lat' dir='ltr'><strong>vi-</strong></span> 
     </span>
    </p>
   </div>
   <div class='ocr_carea' id='block_1_114' title="bbox 1008 3846 1724 3905">
    <p class='ocr_par' dir='ltr' id='par_1_114' title="bbox 1008 3846 1724 3905">
     <span class='ocr_line' id='line_1_115' title="bbox 1008 3846 1724 3905; baseline -0.004 -2"><span class='ocrx_word' id='word_1_444' title='bbox 1008 3853 1148 3905; x_wconf 87' lang='lat' dir='ltr'><strong>deret</strong></span> <span class='ocrx_word' id='word_1_445' title='bbox 1177 3865 1262 3903; x_wconf 89' lang='lat' dir='ltr'><strong>eos</strong></span> <span class='ocrx_word' id='word_1_446' title='bbox 1290 3849 1528 3903; x_wconf 82' lang='lat' dir='ltr'><strong>viventes.</strong></span> <span class='ocrx_word' id='word_1_447' title='bbox 1556 3846 1624 3898; x_wconf 84' lang='lat' dir='ltr'><strong>At</strong></span> <span class='ocrx_word' id='word_1_448' title='bbox 1647 3860 1724 3900; x_wconf 89' lang='lat' dir='ltr'><strong>se-</strong></span> 
     </span>
    </p>
   </div>
   <div class='ocr_carea' id='block_1_115' title="bbox 1007 3937 1723 4005">
    <p class='ocr_par' dir='ltr' id='par_1_115' title="bbox 1007 3937 1723 4005">
     <span class='ocr_line' id='line_1_116' title="bbox 1007 3937 1723 4005; baseline -0.008 -9"><span class='ocrx_word' id='word_1_449' title='bbox 1007 3942 1241 3997; x_wconf 89' lang='lat' dir='ltr'><strong>cundum</strong></span> <span class='ocrx_word' id='word_1_450' title='bbox 1298 3940 1401 3993; x_wconf 87' lang='lat' dir='ltr'><strong>alia</strong></span> <span class='ocrx_word' id='word_1_451' title='bbox 1458 3937 1723 4005; x_wconf 82' lang='lat' dir='ltr'><strong>exempla-</strong></span> 
     </span>
    </p>
   </div>
   <div class='ocr_carea' id='block_1_116' title="bbox 1007 4025 1720 4086">
    <p class='ocr_par' dir='ltr' id='par_1_116' title="bbox 1007 4025 1720 4086">
     <span class='ocr_line' id='line_1_117' title="bbox 1007 4025 1720 4086; baseline -0.014 0"><span class='ocrx_word' id='word_1_452' title='bbox 1007 4032 1128 4086; x_wconf 89' lang='lat' dir='ltr'><strong>ria:</strong></span> <span class='ocrx_word' id='word_1_453' title='bbox 1165 4030 1232 4082; x_wconf 83' lang='lat' dir='ltr'><strong>Et</strong></span> <span class='ocrx_word' id='word_1_454' title='bbox 1284 4026 1624 4081; x_wconf 84' lang='lat' dir='ltr'><strong>ambulabant</strong></span> <span class='ocrx_word' id='word_1_455' title='bbox 1664 4025 1720 4077; x_wconf 87' lang='lat' dir='ltr'><strong>in</strong></span> 
     </span>
    </p>
   </div>
   <div class='ocr_carea' id='block_1_117' title="bbox 1006 4115 1718 4188">
    <p class='ocr_par' dir='ltr' id='par_1_117' title="bbox 1006 4115 1718 4188">
     <span class='ocr_line' id='line_1_118' title="bbox 1006 4115 1718 4188; baseline -0.013 -13"><span class='ocrx_word' id='word_1_456' title='bbox 1006 4121 1173 4175; x_wconf 86' lang='lat' dir='ltr'><strong>medio</strong></span> <span class='ocrx_word' id='word_1_457' title='bbox 1189 4121 1435 4188; x_wconf 76' lang='lat' dir='ltr'><strong>ﬂammte,</strong></span> <span class='ocrx_word' id='word_1_458' title='bbox 1448 4115 1718 4168; x_wconf 87' lang='lat' dir='ltr'><strong>laudantes</strong></span> 
     </span>
    </p>
   </div>
   <div class='ocr_carea' id='block_1_118' title="bbox 1832 3228 2536 3301">
    <p class='ocr_par' dir='ltr' id='par_1_118' title="bbox 1832 3228 2536 3301">
     <span class='ocr_line' id='line_1_119' title="bbox 1832 3228 2536 3301; baseline 0.009 -22"><span class='ocrx_word' id='word_1_459' title='bbox 1832 3245 1958 3298; x_wconf 85' lang='grc' dir='ltr'><strong>μην·</strong></span> <span class='ocrx_word' id='word_1_460' title='bbox 2018 3229 2078 3281; x_wconf 80' lang='grc' dir='ltr'><em>τὸ</em></span> <span class='ocrx_word' id='word_1_461' title='bbox 2133 3230 2229 3298; x_wconf 82' lang='grc' dir='ltr'><strong>μὲν</strong></span> <span class='ocrx_word' id='word_1_462' title='bbox 2280 3228 2346 3301; x_wconf 79' lang='grc' dir='ltr'><em>ἦν</em></span> <span class='ocrx_word' id='word_1_463' title='bbox 2401 3233 2536 3285; x_wconf 83' lang='grc' dir='ltr'><em>κατὰ</em></span> 
     </span>
    </p>
   </div>
   <div class='ocr_carea' id='block_1_119' title="bbox 1825 3317 2537 3388">
    <p class='ocr_par' dir='ltr' id='par_1_119' title="bbox 1825 3317 2537 3388">
     <span class='ocr_line' id='line_1_120' title="bbox 1825 3317 2537 3388; baseline 0.006 -18"><span class='ocrx_word' id='word_1_464' title='bbox 1825 3334 1947 3381; x_wconf 88' lang='grc' dir='ltr'><em>τους</em></span> <span class='ocrx_word' id='word_1_465' title='bbox 1968 3317 2103 3371; x_wconf 78' lang='grc' dir='ltr'><strong>Ο”τὸ</strong></span> <span class='ocrx_word' id='word_1_466' title='bbox 2124 3319 2179 3371; x_wconf 82' lang='grc' dir='ltr'><strong>δὲ</strong></span> <span class='ocrx_word' id='word_1_467' title='bbox 2203 3319 2381 3388; x_wconf 77' lang='grc' dir='ltr'><em>ἕτερον</em></span> <span class='ocrx_word' id='word_1_468' title='bbox 2402 3321 2537 3375; x_wconf 82' lang='grc' dir='ltr'><em>κατὰ</em></span> 
     </span>
    </p>
   </div>
   <div class='ocr_carea' id='block_1_120' title="bbox 1824 3404 2532 3478">
    <p class='ocr_par' dir='ltr' id='par_1_120' title="bbox 1824 3404 2532 3478">
     <span class='ocr_line' id='line_1_121' title="bbox 1824 3404 2532 3478; baseline 0.006 -22"><span class='ocrx_word' id='word_1_469' title='bbox 1824 3404 2153 3457; x_wconf 83' lang='grc' dir='ltr'><em>Θεοδοτίονα·</em></span> <span class='ocrx_word' id='word_1_470' title='bbox 2210 3409 2301 3459; x_wconf 71' lang='grc' dir='ltr'><strong>καὶ</strong></span> <span class='ocrx_word' id='word_1_471' title='bbox 2349 3407 2532 3478; x_wconf 84' lang='grc' dir='ltr'><em>ὥσπερ</em></span> 
     </span>
    </p>
   </div>
   <div class='ocr_carea' id='block_1_121' title="bbox 2663 530 3367 600">
    <p class='ocr_par' dir='ltr' id='par_1_121' title="bbox 2663 530 3367 600">
     <span class='ocr_line' id='line_1_122' title="bbox 2663 530 3367 600; baseline 0.009 -19"><span class='ocrx_word' id='word_1_472' title='bbox 2663 530 2810 594; x_wconf 86' lang='lat' dir='ltr'><strong>mini,</strong></span> <span class='ocrx_word' id='word_1_473' title='bbox 2843 530 3082 600; x_wconf 84' lang='lat' dir='ltr'><strong>quoniam</strong></span> <span class='ocrx_word' id='word_1_474' title='bbox 3117 532 3171 585; x_wconf 90' lang='lat' dir='ltr'><strong>in</strong></span> <span class='ocrx_word' id='word_1_475' title='bbox 3195 535 3367 587; x_wconf 81' lang='lat' dir='ltr'><strong>omnia</strong></span> 
     </span>
    </p>
   </div>
   <div class='ocr_carea' id='block_1_122' title="bbox 2648 622 3365 694">
    <p class='ocr_par' dir='ltr' id='par_1_122' title="bbox 2648 622 3365 694">
     <span class='ocr_line' id='line_1_123' title="bbox 2648 622 3365 694; baseline 0.014 -24"><span class='ocrx_word' id='word_1_476' title='bbox 2648 622 2847 686; x_wconf 27' lang='lat' dir='ltr'><strong>.sa-cula</strong></span> <span class='ocrx_word' id='word_1_477' title='bbox 2860 624 3210 678; x_wconf 83' lang='lat' dir='ltr'><strong>misericordia</strong></span> <span class='ocrx_word' id='word_1_478' title='bbox 3234 625 3365 694; x_wconf 85' lang='lat' dir='ltr'><strong>ejus.</strong></span> 
     </span>
    </p>
   </div>
   <div class='ocr_carea' id='block_1_123' title="bbox 2659 708 3365 769">
    <p class='ocr_par' dir='ltr' id='par_1_123' title="bbox 2659 708 3365 769">
     <span class='ocr_line' id='line_1_124' title="bbox 2659 708 3365 769; baseline 0.01 -7"><span class='ocrx_word' id='word_1_479' title='bbox 2659 708 3078 767; x_wconf 85' lang='lat' dir='ltr'><strong>Connectebatur</strong></span> <span class='ocrx_word' id='word_1_480' title='bbox 3098 725 3276 768; x_wconf 89' lang='lat' dir='ltr'><strong>autem</strong></span> <span class='ocrx_word' id='word_1_481' title='bbox 3309 715 3365 769; x_wconf 91' lang='lat' dir='ltr'><strong>in</strong></span> 
     </span>
    </p>
   </div>
   <div class='ocr_carea' id='block_1_124' title="bbox 2660 796 3364 860">
    <p class='ocr_par' dir='ltr' id='par_1_124' title="bbox 2660 796 3364 860">
     <span class='ocr_line' id='line_1_125' title="bbox 2660 796 3364 860; baseline 0.013 -10"><span class='ocrx_word' id='word_1_482' title='bbox 2660 796 2892 854; x_wconf 66' lang='lat' dir='ltr'><strong>Hebraeis</strong></span> <span class='ocrx_word' id='word_1_483' title='bbox 2953 801 3088 857; x_wconf 89' lang='lat' dir='ltr'><strong>hoc:</strong></span> <span class='ocrx_word' id='word_1_484' title='bbox 3147 803 3215 857; x_wconf 84' lang='lat' dir='ltr'><strong>Et</strong></span> <span class='ocrx_word' id='word_1_485' title='bbox 3261 812 3364 860; x_wconf 82' lang='lat' dir='ltr'><strong>tres</strong></span> 
     </span>
    </p>
   </div>
   <div class='ocr_carea' id='block_1_125' title="bbox 2659 879 3367 960">
    <p class='ocr_par' dir='ltr' id='par_1_125' title="bbox 2659 879 3367 960">
     <span class='ocr_line' id='line_1_126' title="bbox 2659 879 3367 960; baseline 0.017 -23"><span class='ocrx_word' id='word_1_486' title='bbox 2659 879 2738 938; x_wconf 72' lang='lat' dir='ltr'><strong>illi</strong></span> <span class='ocrx_word' id='word_1_487' title='bbox 2785 889 2900 953; x_wconf 82' lang='lat' dir='ltr'><strong>viri,</strong></span> <span class='ocrx_word' id='word_1_488' title='bbox 2959 890 3203 960; x_wconf 84' lang='lat' dir='ltr'><strong>Sedraclt,</strong></span> <span class='ocrx_word' id='word_1_489' title='bbox 3263 894 3367 948; x_wconf 60' lang='lat' dir='ltr'><strong>Mi.</strong></span> 
     </span>
    </p>
   </div>
   <div class='ocr_carea' id='block_1_126' title="bbox 2657 980 3365 1055">
    <p class='ocr_par' dir='ltr' id='par_1_126' title="bbox 2657 980 3365 1055">
     <span class='ocr_line' id='line_1_127' title="bbox 2657 980 3365 1055; baseline 0.016 -23"><span class='ocrx_word' id='word_1_490' title='bbox 2657 980 2798 1046; x_wconf 85' lang='lat' dir='ltr'><strong>sach,</strong></span> <span class='ocrx_word' id='word_1_491' title='bbox 2846 982 3112 1055; x_wconf 84' lang='lat' dir='ltr'><strong>Abdenego</strong></span> <span class='ocrx_word' id='word_1_492' title='bbox 3130 1028 3146 1052; x_wconf 91' lang='lat'><strong>,</strong></span> <span class='ocrx_word' id='word_1_493' title='bbox 3173 989 3365 1042; x_wconf 86' lang='lat' dir='ltr'><strong>cecide-</strong></span> 
     </span>
    </p>
   </div>
   <div class='ocr_carea' id='block_1_127' title="bbox 2657 1075 3362 1148">
    <p class='ocr_par' dir='ltr' id='par_1_127' title="bbox 2657 1075 3362 1148">
     <span class='ocr_line' id='line_1_128' title="bbox 2657 1075 3362 1148; baseline 0.014 -26"><span class='ocrx_word' id='word_1_494' title='bbox 2657 1082 2775 1125; x_wconf 88' lang='lat' dir='ltr'><strong>runt</strong></span> <span class='ocrx_word' id='word_1_495' title='bbox 2832 1075 2884 1128; x_wconf 82' lang='lat' dir='ltr'><strong>in</strong></span> <span class='ocrx_word' id='word_1_496' title='bbox 2948 1077 3170 1130; x_wconf 85' lang='lat' dir='ltr'><strong>medium</strong></span> <span class='ocrx_word' id='word_1_497' title='bbox 3230 1081 3362 1148; x_wconf 80' lang='lat' dir='ltr'><strong>ignis</strong></span> 
     </span>
    </p>
   </div>
   <div class='ocr_carea' id='block_1_128' title="bbox 2655 1165 3359 1231">
    <p class='ocr_par' dir='ltr' id='par_1_128' title="bbox 2655 1165 3359 1231">
     <span class='ocr_line' id='line_1_129' title="bbox 2655 1165 3359 1231; baseline 0.018 -15"><span class='ocrx_word' id='word_1_498' title='bbox 2655 1165 2845 1231; x_wconf 81' lang='lat' dir='ltr'><strong>t&#39;iucti;</strong></span> <span class='ocrx_word' id='word_1_499' title='bbox 2893 1178 2946 1221; x_wconf 88' lang='lat' dir='ltr'><strong>et</strong></span> <span class='ocrx_word' id='word_1_500' title='bbox 2992 1169 3095 1223; x_wconf 87' lang='lat' dir='ltr'><strong>hoc</strong></span> <span class='ocrx_word' id='word_1_501' title='bbox 3158 1172 3359 1229; x_wconf 84' lang='lat' dir='ltr'><strong>etiam:</strong></span> 
     </span>
    </p>
   </div>
   <div class='ocr_carea' id='block_1_129' title="bbox 2656 1258 3362 1320">
    <p class='ocr_par' dir='ltr' id='par_1_129' title="bbox 2656 1258 3362 1320">
     <span class='ocr_line' id='line_1_130' title="bbox 2656 1258 3362 1320; baseline 0.014 -9"><span class='ocrx_word' id='word_1_502' title='bbox 2656 1275 2745 1312; x_wconf 80' lang='lat' dir='ltr'><strong>rea:</strong></span> <span class='ocrx_word' id='word_1_503' title='bbox 2772 1258 3243 1319; x_wconf 78' lang='lat' dir='ltr'><strong>Nabuchodonosor</strong></span> <span class='ocrx_word' id='word_1_504' title='bbox 3262 1269 3362 1320; x_wconf 83' lang='lat' dir='ltr'><strong>mi-</strong></span> 
     </span>
    </p>
   </div>
   <div class='ocr_carea' id='block_1_130' title="bbox 2655 1360 3357 1419">
    <p class='ocr_par' dir='ltr' id='par_1_130' title="bbox 2655 1360 3357 1419">
     <span class='ocr_line' id='line_1_131' title="bbox 2655 1360 3357 1419; baseline 0.014 -16"><span class='ocrx_word' id='word_1_505' title='bbox 2655 1360 2799 1406; x_wconf 82' lang='lat' dir='ltr'><strong>ratus</strong></span> <span class='ocrx_word' id='word_1_506' title='bbox 2900 1364 3010 1419; x_wconf 84' lang='lat' dir='ltr'><strong>est,</strong></span> <span class='ocrx_word' id='word_1_507' title='bbox 3078 1367 3126 1410; x_wconf 86' lang='lat' dir='ltr'><strong>et</strong></span> <span class='ocrx_word' id='word_1_508' title='bbox 3196 1375 3357 1413; x_wconf 79' lang='lat' dir='ltr'><strong>surre-</strong></span> 
     </span>
    </p>
   </div>
   <div class='ocr_carea' id='block_1_131' title="bbox 2652 1444 3350 1513">
    <p class='ocr_par' dir='ltr' id='par_1_131' title="bbox 2652 1444 3350 1513">
     <span class='ocr_line' id='line_1_132' title="bbox 2652 1444 3350 1513; baseline 0.016 -19"><span class='ocrx_word' id='word_1_509' title='bbox 2652 1444 2730 1495; x_wconf 66' lang='lat' dir='ltr'><strong>xit</strong></span> <span class='ocrx_word' id='word_1_510' title='bbox 2786 1444 3124 1513; x_wconf 84' lang='lat' dir='ltr'><strong>festinanter,</strong></span> <span class='ocrx_word' id='word_1_511' title='bbox 3167 1459 3213 1504; x_wconf 84' lang='lat' dir='ltr'><strong>et</strong></span> <span class='ocrx_word' id='word_1_512' title='bbox 3281 1467 3350 1504; x_wconf 56' lang='lat' dir='ltr'><strong>rev</strong></span> 
     </span>
    </p>
   </div>
   <div class='ocr_carea' id='block_1_132' title="bbox 2651 1535 3361 1606">
    <p class='ocr_par' dir='ltr' id='par_1_132' title="bbox 2651 1535 3361 1606">
     <span class='ocr_line' id='line_1_133' title="bbox 2651 1535 3361 1606; baseline 0.015 -23"><span class='ocrx_word' id='word_1_513' title='bbox 2651 1535 2857 1599; x_wconf 83' lang='lat' dir='ltr'><strong>spondit</strong></span> <span class='ocrx_word' id='word_1_514' title='bbox 2876 1574 2892 1597; x_wconf 89' lang='lat'><strong>,</strong></span> <span class='ocrx_word' id='word_1_515' title='bbox 2952 1537 3185 1606; x_wconf 73' lang='lat' dir='ltr'><strong>dixitque</strong></span> <span class='ocrx_word' id='word_1_516' title='bbox 3249 1556 3336 1594; x_wconf 82' lang='lat' dir='ltr'><strong>ma</strong></span> <span class='ocrx_word' id='word_1_517' title='bbox 3354 1570 3361 1576; x_wconf 92' lang='lat'><strong>-</strong></span> 
     </span>
    </p>
   </div>
   <div class='ocr_carea' id='block_1_133' title="bbox 2650 1621 3357 1687">
    <p class='ocr_par' dir='ltr' id='par_1_133' title="bbox 2650 1621 3357 1687">
     <span class='ocr_line' id='line_1_134' title="bbox 2650 1621 3357 1687; baseline 0.017 -17"><span class='ocrx_word' id='word_1_518' title='bbox 2650 1621 2887 1687; x_wconf 81' lang='lat' dir='ltr'><strong>gnatibus</strong></span> <span class='ocrx_word' id='word_1_519' title='bbox 2929 1624 3056 1679; x_wconf 85' lang='lat' dir='ltr'><strong>suis.</strong></span> <span class='ocrx_word' id='word_1_520' title='bbox 3102 1625 3190 1681; x_wconf 88' lang='lat' dir='ltr'><strong>Sic</strong></span> <span class='ocrx_word' id='word_1_521' title='bbox 3216 1628 3357 1682; x_wconf 87' lang='lat' dir='ltr'><strong>enim</strong></span> 
     </span>
    </p>
   </div>
   <div class='ocr_carea' id='block_1_134' title="bbox 2648 1700 3357 1776">
    <p class='ocr_par' dir='ltr' id='par_1_134' title="bbox 2648 1700 3357 1776">
     <span class='ocr_line' id='line_1_135' title="bbox 2648 1700 3357 1776; baseline 0.02 -16"><span class='ocrx_word' id='word_1_522' title='bbox 2648 1709 2854 1776; x_wconf 83' lang='lat' dir='ltr'><strong>Aquila,</strong></span> <span class='ocrx_word' id='word_1_523' title='bbox 2869 1709 3135 1770; x_wconf 72' lang='lat' dir='ltr'><strong>Hebraica:</strong></span> <span class='ocrx_word' id='word_1_524' title='bbox 3147 1700 3357 1773; x_wconf 78' lang='lat' dir='ltr'><strong>lectioni</strong></span> 
     </span>
    </p>
   </div>
   <div class='ocr_carea' id='block_1_135' title="bbox 2650 1799 3356 1876">
    <p class='ocr_par' dir='ltr' id='par_1_135' title="bbox 2650 1799 3356 1876">
     <span class='ocr_line' id='line_1_136' title="bbox 2650 1799 3356 1876; baseline 0.02 -25"><span class='ocrx_word' id='word_1_525' title='bbox 2650 1799 2904 1863; x_wconf 85' lang='lat' dir='ltr'><strong>serviens,</strong></span> <span class='ocrx_word' id='word_1_526' title='bbox 2944 1803 3141 1871; x_wconf 81' lang='lat' dir='ltr'><strong>edidit;</strong></span> <span class='ocrx_word' id='word_1_527' title='bbox 3196 1822 3356 1876; x_wconf 87' lang='lat' dir='ltr'><strong>quem</strong></span> 
     </span>
    </p>
   </div>
   <div class='ocr_carea' id='block_1_136' title="bbox 2615 1887 3352 1962">
    <p class='ocr_par' dir='ltr' id='par_1_136' title="bbox 2615 1887 3352 1962">
     <span class='ocr_line' id='line_1_137' title="bbox 2615 1887 3352 1962; baseline 0.016 -22"><span class='ocrx_word' id='word_1_528' title='bbox 2615 1887 2813 1943; x_wconf 61' lang='lat' dir='ltr'><strong>Judaei</strong></span> <span class='ocrx_word' id='word_1_529' title='bbox 2862 1890 3191 1962; x_wconf 88' lang='lat' dir='ltr'><strong>Scripturam</strong></span> <span class='ocrx_word' id='word_1_530' title='bbox 3237 1907 3352 1953; x_wconf 85' lang='lat' dir='ltr'><strong>stu-</strong></span> 
     </span>
    </p>
   </div>
   <div class='ocr_carea' id='block_1_137' title="bbox 2646 1981 3351 2057">
    <p class='ocr_par' dir='ltr' id='par_1_137' title="bbox 2646 1981 3351 2057">
     <span class='ocr_line' id='line_1_138' title="bbox 2646 1981 3351 2057; baseline 0.017 -23"><span class='ocrx_word' id='word_1_531' title='bbox 2646 1981 2849 2038; x_wconf 88' lang='lat' dir='ltr'><strong>diosius</strong></span> <span class='ocrx_word' id='word_1_532' title='bbox 2952 1986 3351 2057; x_wconf 85' lang='lat' dir='ltr'><strong>interpretatum</strong></span> 
     </span>
    </p>
   </div>
   <div class='ocr_carea' id='block_1_138' title="bbox 2644 2078 3333 2150">
    <p class='ocr_par' dir='ltr' id='par_1_138' title="bbox 2644 2078 3333 2150">
     <span class='ocr_line' id='line_1_139' title="bbox 2644 2078 3333 2150; baseline 0.015 -22"><span class='ocrx_word' id='word_1_533' title='bbox 2644 2091 2760 2130; x_wconf 86' lang='lat' dir='ltr'><strong>esse</strong></span> <span class='ocrx_word' id='word_1_534' title='bbox 2779 2078 3033 2134; x_wconf 85' lang='lat' dir='ltr'><strong>credunt:</strong></span> <span class='ocrx_word' id='word_1_535' title='bbox 3086 2097 3193 2150; x_wconf 93' lang='lat' dir='ltr'><strong>quo</strong></span> <span class='ocrx_word' id='word_1_536' title='bbox 3249 2101 3333 2138; x_wconf 88' lang='lat' dir='ltr'><strong>ma</strong></span> 
     </span>
    </p>
   </div>
   <div class='ocr_carea' id='block_1_139' title="bbox 2646 2155 3352 2241">
    <p class='ocr_par' dir='ltr' id='par_1_139' title="bbox 2646 2155 3352 2241">
     <span class='ocr_line' id='line_1_140' title="bbox 2646 2155 3352 2241; baseline 0.016 -26"><span class='ocrx_word' id='word_1_537' title='bbox 2646 2164 2784 2218; x_wconf 81' lang='lat' dir='ltr'><strong>xime</strong></span> <span class='ocrx_word' id='word_1_538' title='bbox 2834 2166 2909 2220; x_wconf 90' lang='lat' dir='ltr'><strong>uti</strong></span> <span class='ocrx_word' id='word_1_539' title='bbox 2951 2167 3122 2223; x_wconf 90' lang='lat' dir='ltr'><strong>solent</strong></span> <span class='ocrx_word' id='word_1_540' title='bbox 3169 2170 3205 2224; x_wconf 88' lang='lat' dir='ltr'><strong>ii</strong></span> <span class='ocrx_word' id='word_1_541' title='bbox 3260 2155 3352 2241; x_wconf 87' lang='lat' dir='ltr'><strong>qui</strong></span> 
     </span>
    </p>
   </div>
   <div class='ocr_carea' id='block_1_140' title="bbox 2644 2250 3348 2314">
    <p class='ocr_par' dir='ltr' id='par_1_140' title="bbox 2644 2250 3348 2314">
     <span class='ocr_line' id='line_1_141' title="bbox 2644 2250 3348 2314; baseline 0.016 -11"><span class='ocrx_word' id='word_1_542' title='bbox 2644 2250 2957 2309; x_wconf 87' lang='lat' dir='ltr'><strong>llebraicam</strong></span> <span class='ocrx_word' id='word_1_543' title='bbox 3066 2258 3348 2314; x_wconf 89' lang='lat' dir='ltr'><strong>dialectum</strong></span> 
     </span>
    </p>
   </div>
   <div class='ocr_carea' id='block_1_141' title="bbox 2644 2339 3353 2417">
    <p class='ocr_par' dir='ltr' id='par_1_141' title="bbox 2644 2339 3353 2417">
     <span class='ocr_line' id='line_1_142' title="bbox 2644 2339 3353 2417; baseline 0.016 -24"><span class='ocrx_word' id='word_1_544' title='bbox 2644 2339 2909 2411; x_wconf 82' lang='lat' dir='ltr'><strong>ignorant,</strong></span> <span class='ocrx_word' id='word_1_545' title='bbox 2932 2354 3109 2415; x_wconf 87' lang='lat' dir='ltr'><strong>utpote</strong></span> <span class='ocrx_word' id='word_1_546' title='bbox 3130 2348 3220 2417; x_wconf 92' lang='lat' dir='ltr'><strong>qui</strong></span> <span class='ocrx_word' id='word_1_547' title='bbox 3245 2364 3353 2403; x_wconf 49' lang='lat' dir='ltr'><strong>meto</strong></span> 
     </span>
    </p>
   </div>
   <div class='ocr_carea' id='block_1_142' title="bbox 2643 2429 3345 2493">
    <p class='ocr_par' dir='ltr' id='par_1_142' title="bbox 2643 2429 3345 2493">
     <span class='ocr_line' id='line_1_143' title="bbox 2643 2429 3345 2493; baseline 0.014 -12"><span class='ocrx_word' id='word_1_548' title='bbox 2643 2429 2785 2484; x_wconf 81' lang='lat' dir='ltr'><strong>xime</strong></span> <span class='ocrx_word' id='word_1_549' title='bbox 2837 2434 3073 2488; x_wconf 90' lang='lat' dir='ltr'><strong>omnium</strong></span> <span class='ocrx_word' id='word_1_550' title='bbox 3130 2452 3345 2493; x_wconf 88' lang='lat' dir='ltr'><strong>sensum</strong></span> 
     </span>
    </p>
   </div>
   <div class='ocr_carea' id='block_1_143' title="bbox 2641 2522 3330 2581">
    <p class='ocr_par' dir='ltr' id='par_1_143' title="bbox 2641 2522 3330 2581">
     <span class='ocr_line' id='line_1_144' title="bbox 2641 2522 3330 2581; baseline 0.009 -9"><span class='ocrx_word' id='word_1_551' title='bbox 2641 2529 2915 2577; x_wconf 80' lang='lat' dir='ltr'><strong>assecutus</strong></span> <span class='ocrx_word' id='word_1_552' title='bbox 2933 2524 3021 2579; x_wconf 89' lang='lat' dir='ltr'><strong>sit.</strong></span> <span class='ocrx_word' id='word_1_553' title='bbox 3049 2522 3240 2581; x_wconf 89' lang='lat' dir='ltr'><strong>Nostra</strong></span> <span class='ocrx_word' id='word_1_554' title='bbox 3263 2542 3330 2581; x_wconf 88' lang='lat' dir='ltr'><strong>an</strong></span> 
     </span>
    </p>
   </div>
   <div class='ocr_carea' id='block_1_144' title="bbox 2640 2613 3349 2685">
    <p class='ocr_par' dir='ltr' id='par_1_144' title="bbox 2640 2613 3349 2685">
     <span class='ocr_line' id='line_1_145' title="bbox 2640 2613 3349 2685; baseline 0.014 -25"><span class='ocrx_word' id='word_1_555' title='bbox 2640 2616 2745 2661; x_wconf 84' lang='lat' dir='ltr'><strong>tem</strong></span> <span class='ocrx_word' id='word_1_556' title='bbox 2814 2613 3151 2682; x_wconf 76' lang='lat' dir='ltr'><strong>exemplaria,</strong></span> <span class='ocrx_word' id='word_1_557' title='bbox 3218 2631 3349 2685; x_wconf 83' lang='lat' dir='ltr'><strong>quo—</strong></span> 
     </span>
    </p>
   </div>
   <div class='ocr_carea' id='block_1_145' title="bbox 2639 2695 3342 2768">
    <p class='ocr_par' dir='ltr' id='par_1_145' title="bbox 2639 2695 3342 2768">
     <span class='ocr_line' id='line_1_146' title="bbox 2639 2695 3342 2768; baseline 0.013 -24"><span class='ocrx_word' id='word_1_558' title='bbox 2639 2707 2758 2746; x_wconf 90' lang='lat' dir='ltr'><strong>rum</strong></span> <span class='ocrx_word' id='word_1_559' title='bbox 2807 2695 2963 2749; x_wconf 88' lang='lat' dir='ltr'><strong>etiam</strong></span> <span class='ocrx_word' id='word_1_560' title='bbox 2992 2711 3148 2751; x_wconf 81' lang='lat' dir='ltr'><strong>voces</strong></span> <span class='ocrx_word' id='word_1_561' title='bbox 3182 2713 3342 2768; x_wconf 80' lang='lat' dir='ltr'><strong>expo-</strong></span> 
     </span>
    </p>
   </div>
   <div class='ocr_carea' id='block_1_146' title="bbox 2639 2783 3346 2849">
    <p class='ocr_par' dir='ltr' id='par_1_146' title="bbox 2639 2783 3346 2849">
     <span class='ocr_line' id='line_1_147' title="bbox 2639 2783 3346 2849; baseline 0.011 -13"><span class='ocrx_word' id='word_1_562' title='bbox 2639 2783 2721 2836; x_wconf 89' lang='lat' dir='ltr'><strong>sui</strong></span> <span class='ocrx_word' id='word_1_563' title='bbox 2746 2822 2763 2849; x_wconf 91' lang='lat'><strong>,</strong></span> <span class='ocrx_word' id='word_1_564' title='bbox 2842 2784 2984 2839; x_wconf 89' lang='lat' dir='ltr'><strong>aliud</strong></span> <span class='ocrx_word' id='word_1_565' title='bbox 3053 2788 3346 2844; x_wconf 83' lang='lat' dir='ltr'><strong>secundum</strong></span> 
     </span>
    </p>
   </div>
   <div class='ocr_carea' id='block_1_147' title="bbox 2641 2872 3347 2945">
    <p class='ocr_par' dir='ltr' id='par_1_147' title="bbox 2641 2872 3347 2945">
     <span class='ocr_line' id='line_1_148' title="bbox 2641 2872 3347 2945; baseline 0.007 -18"><span class='ocrx_word' id='word_1_566' title='bbox 2641 2872 2983 2943; x_wconf 80' lang='lat' dir='ltr'><strong>Septuaginta</strong></span> <span class='ocrx_word' id='word_1_567' title='bbox 3029 2876 3347 2945; x_wconf 87' lang='lat' dir='ltr'><strong>lnterpretes</strong></span> 
     </span>
    </p>
   </div>
   <div class='ocr_carea' id='block_1_148' title="bbox 2638 2966 3342 3027">
    <p class='ocr_par' dir='ltr' id='par_1_148' title="bbox 2638 2966 3342 3027">
     <span class='ocr_line' id='line_1_149' title="bbox 2638 2966 3342 3027; baseline 0.011 -12"><span class='ocrx_word' id='word_1_568' title='bbox 2638 2972 2752 3018; x_wconf 87' lang='lat' dir='ltr'><strong>erat</strong></span> <span class='ocrx_word' id='word_1_569' title='bbox 2770 3004 2786 3027; x_wconf 91' lang='lat'><strong>,</strong></span> <span class='ocrx_word' id='word_1_570' title='bbox 2849 2966 2991 3020; x_wconf 88' lang='lat' dir='ltr'><strong>aliud</strong></span> <span class='ocrx_word' id='word_1_571' title='bbox 3052 2971 3342 3023; x_wconf 89' lang='lat' dir='ltr'><strong>secundum</strong></span> 
     </span>
    </p>
   </div>
   <div class='ocr_carea' id='block_1_149' title="bbox 2643 3051 3347 3112">
    <p class='ocr_par' dir='ltr' id='par_1_149' title="bbox 2643 3051 3347 3112">
     <span class='ocr_line' id='line_1_150' title="bbox 2643 3051 3347 3112; baseline 0.007 -7"><span class='ocrx_word' id='word_1_572' title='bbox 2643 3051 3054 3109; x_wconf 83' lang='lat' dir='ltr'><strong>Theodotionem</strong></span> <span class='ocrx_word' id='word_1_573' title='bbox 3085 3074 3098 3109; x_wconf 88' lang='lat'><strong>:</strong></span> <span class='ocrx_word' id='word_1_574' title='bbox 3119 3065 3170 3111; x_wconf 91' lang='lat' dir='ltr'><strong>et</strong></span> <span class='ocrx_word' id='word_1_575' title='bbox 3209 3053 3347 3112; x_wconf 53' lang='lat' dir='ltr'><strong>sicui</strong></span> 
     </span>
    </p>
   </div>
   <div class='ocr_carea' id='block_1_150' title="bbox 2639 3144 3343 3214">
    <p class='ocr_par' dir='ltr' id='par_1_150' title="bbox 2639 3144 3343 3214">
     <span class='ocr_line' id='line_1_151' title="bbox 2639 3144 3343 3214; baseline 0.004 -17"><span class='ocrx_word' id='word_1_576' title='bbox 2639 3144 2777 3211; x_wconf 86' lang='lat' dir='ltr'><strong>apud</strong></span> <span class='ocrx_word' id='word_1_577' title='bbox 2809 3153 3090 3214; x_wconf 87' lang='lat' dir='ltr'><strong>utrumque</strong></span> <span class='ocrx_word' id='word_1_578' title='bbox 3112 3146 3343 3214; x_wconf 90' lang='lat' dir='ltr'><strong>positum</strong></span> 
     </span>
    </p>
   </div>
   <div class='ocr_carea' id='block_1_151' title="bbox 2639 3234 3344 3302">
    <p class='ocr_par' dir='ltr' id='par_1_151' title="bbox 2639 3234 3344 3302">
     <span class='ocr_line' id='line_1_152' title="bbox 2639 3234 3344 3302; baseline 0.007 -15"><span class='ocrx_word' id='word_1_579' title='bbox 2639 3234 2998 3302; x_wconf 78' lang='lat' dir='ltr'><strong>reperiebatur</strong></span> <span class='ocrx_word' id='word_1_580' title='bbox 3060 3234 3187 3289; x_wconf 89' lang='lat' dir='ltr'><strong>illud</strong></span> <span class='ocrx_word' id='word_1_581' title='bbox 3239 3235 3344 3291; x_wconf 87' lang='lat' dir='ltr'><strong>Su-</strong></span> 
     </span>
    </p>
   </div>
   <div class='ocr_carea' id='block_1_152' title="bbox 2639 3322 3346 3391">
    <p class='ocr_par' dir='ltr' id='par_1_152' title="bbox 2639 3322 3346 3391">
     <span class='ocr_line' id='line_1_153' title="bbox 2639 3322 3346 3391; baseline 0.003 -16"><span class='ocrx_word' id='word_1_582' title='bbox 2639 3335 2836 3386; x_wconf 76' lang='lat' dir='ltr'><strong>sannte,</strong></span> <span class='ocrx_word' id='word_1_583' title='bbox 2891 3322 3033 3391; x_wconf 93' lang='lat' dir='ltr'><strong>quod</strong></span> <span class='ocrx_word' id='word_1_584' title='bbox 3101 3323 3233 3377; x_wconf 86' lang='lat' dir='ltr'><strong>dicis</strong></span> <span class='ocrx_word' id='word_1_585' title='bbox 3281 3324 3346 3377; x_wconf 83' lang='lat' dir='ltr'><strong>ii-</strong></span> 
     </span>
    </p>
   </div>
   <div class='ocr_carea' id='block_1_153' title="bbox 2639 3411 3344 3481">
    <p class='ocr_par' dir='ltr' id='par_1_153' title="bbox 2639 3411 3344 3481">
     <span class='ocr_line' id='line_1_154' title="bbox 2639 3411 3344 3481; baseline 0.003 -18"><span class='ocrx_word' id='word_1_586' title='bbox 2639 3418 2905 3479; x_wconf 77' lang='lat' dir='ltr'><strong>gmcntum</strong></span> <span class='ocrx_word' id='word_1_587' title='bbox 2923 3451 2939 3474; x_wconf 93' lang='lat'><strong>,</strong></span> <span class='ocrx_word' id='word_1_588' title='bbox 2989 3411 3063 3465; x_wconf 89' lang='lat' dir='ltr'><strong>ita</strong></span> <span class='ocrx_word' id='word_1_589' title='bbox 3132 3424 3344 3481; x_wconf 88' lang='lat' dir='ltr'><strong>quoque</strong></span> 
     </span>
    </p>
   </div>
   <div class='ocr_carea' id='block_1_154' title="bbox 1823 3494 3341 3566">
    <p class='ocr_par' dir='ltr' id='par_1_154' title="bbox 1823 3494 3341 3566">
     <span class='ocr_line' id='line_1_155' title="bbox 1823 3494 3341 3566; baseline 0.007 -21"><span class='ocrx_word' id='word_1_590' title='bbox 1823 3495 1952 3563; x_wconf 86' lang='grc' dir='ltr'><strong>παρ’</strong></span> <span class='ocrx_word' id='word_1_591' title='bbox 1983 3494 2305 3565; x_wconf 81' lang='grc' dir='ltr'><em>ἀμφοτέροις</em></span> <span class='ocrx_word' id='word_1_592' title='bbox 2359 3494 2532 3548; x_wconf 75' lang='grc' dir='ltr'><em>ἔκειτο</em></span> <span class='ocrx_word' id='word_1_593' title='bbox 2632 3501 2754 3566; x_wconf 81' lang='lat' dir='ltr'><strong>ista,</strong></span> <span class='ocrx_word' id='word_1_594' title='bbox 2781 3501 3042 3566; x_wconf 78' lang='lat' dir='ltr'><strong>versibus,</strong></span> <span class='ocrx_word' id='word_1_595' title='bbox 3102 3510 3162 3557; x_wconf 85' lang='grc' dir='ltr'><strong>ιιι</strong></span> <span class='ocrx_word' id='word_1_596' title='bbox 3209 3518 3341 3558; x_wconf 81' lang='lat' dir='ltr'><strong>con-</strong></span> 
     </span>
    </p>
   </div>
   <div class='ocr_carea' id='block_1_155' title="bbox 1820 3581 3339 3657">
    <p class='ocr_par' dir='ltr' id='par_1_155' title="bbox 1820 3581 3339 3657">
     <span class='ocr_line' id='line_1_156' title="bbox 1820 3581 3339 3657; baseline 0.006 -23"><span class='ocrx_word' id='word_1_597' title='bbox 1820 3582 1881 3635; x_wconf 82' lang='grc' dir='ltr'><em>τδ</em></span> <span class='ocrx_word' id='word_1_598' title='bbox 1930 3583 2054 3652; x_wconf 81' lang='grc' dir='ltr'><strong>περὶ</strong></span> <span class='ocrx_word' id='word_1_599' title='bbox 2081 3581 2175 3653; x_wconf 81' lang='grc' dir='ltr'><em>τὴν</em></span> <span class='ocrx_word' id='word_1_600' title='bbox 2222 3584 2525 3647; x_wconf 88' lang='grc' dir='ltr'><em>Σωσάνναν,</em></span> <span class='ocrx_word' id='word_1_601' title='bbox 2625 3587 2832 3657; x_wconf 83' lang='lat' dir='ltr'><strong>jectura</strong></span> <span class='ocrx_word' id='word_1_602' title='bbox 2881 3589 2984 3643; x_wconf 88' lang='lat' dir='ltr'><strong>dici</strong></span> <span class='ocrx_word' id='word_1_603' title='bbox 3011 3597 3203 3656; x_wconf 86' lang='lat' dir='ltr'><strong>potest,</strong></span> <span class='ocrx_word' id='word_1_604' title='bbox 3236 3591 3339 3643; x_wconf 84' lang='lat' dir='ltr'><strong>du-</strong></span> 
     </span>
    </p>
   </div>
   <div class='ocr_carea' id='block_1_156' title="bbox 1821 3676 3134 3748">
    <p class='ocr_par' dir='ltr' id='par_1_156' title="bbox 1821 3676 3134 3748">
     <span class='ocr_line' id='line_1_157' title="bbox 1821 3676 3134 3748; baseline 0.004 -20"><span class='ocrx_word' id='word_1_605' title='bbox 1821 3676 1895 3738; x_wconf 86' lang='grc' dir='ltr'><em>ὠς</em></span> <span class='ocrx_word' id='word_1_606' title='bbox 1923 3678 1985 3729; x_wconf 82' lang='grc' dir='ltr'>σὺ</span> <span class='ocrx_word' id='word_1_607' title='bbox 2009 3678 2131 3747; x_wconf 80' lang='grc' dir='ltr'><em>φῂς,</em></span> <span class='ocrx_word' id='word_1_608' title='bbox 2176 3678 2414 3748; x_wconf 77' lang='grc' dir='ltr'><strong>πλάσμα,</strong></span> <span class='ocrx_word' id='word_1_609' title='bbox 2437 3680 2528 3733; x_wconf 72' lang='grc' dir='ltr'><strong>καὶ</strong></span> <span class='ocrx_word' id='word_1_610' title='bbox 2630 3679 2795 3733; x_wconf 90' lang='lat' dir='ltr'><strong>centis</strong></span> <span class='ocrx_word' id='word_1_611' title='bbox 2815 3688 2867 3732; x_wconf 89' lang='lat' dir='ltr'><strong>et</strong></span> <span class='ocrx_word' id='word_1_612' title='bbox 2889 3679 3134 3748; x_wconf 83' lang='lat' dir='ltr'><strong>amplius.</strong></span> 
     </span>
    </p>
   </div>
   <div class='ocr_carea' id='block_1_157' title="bbox 1821 3765 3341 3839">
    <p class='ocr_par' dir='ltr' id='par_1_157' title="bbox 1821 3765 3341 3839">
     <span class='ocr_line' id='line_1_158' title="bbox 1821 3765 3341 3839; baseline 0.004 -24"><span class='ocrx_word' id='word_1_613' title='bbox 1821 3766 1875 3816; x_wconf 81' lang='lat' dir='ltr'><strong>al</strong></span> <span class='ocrx_word' id='word_1_614' title='bbox 1903 3765 2197 3819; x_wconf 84' lang='grc' dir='ltr'><strong>τελευταῖαι</strong></span> <span class='ocrx_word' id='word_1_615' title='bbox 2242 3770 2299 3819; x_wconf 77' lang='grc' dir='ltr'><em>ἐν</em></span> <span class='ocrx_word' id='word_1_616' title='bbox 2356 3767 2433 3837; x_wconf 81' lang='grc' dir='ltr'><em>τῷ</em></span> <span class='ocrx_word' id='word_1_617' title='bbox 2458 3767 2647 3838; x_wconf 77' lang='grc' dir='ltr'><em>Δανιὴλ</em></span> <span class='ocrx_word' id='word_1_618' title='bbox 2713 3770 2999 3839; x_wconf 75' lang='grc' dir='ltr'><em>περικοπαὶ</em></span> <span class='ocrx_word' id='word_1_619' title='bbox 3018 3807 3033 3833; x_wconf 87' lang='grc'><strong>,</strong></span> <span class='ocrx_word' id='word_1_620' title='bbox 3083 3768 3222 3821; x_wconf 75' lang='grc' dir='ltr'><em>οὕτω</em></span> <span class='ocrx_word' id='word_1_621' title='bbox 3247 3770 3341 3821; x_wconf 69' lang='grc' dir='ltr'><strong>καὶ</strong></span> 
     </span>
    </p>
   </div>
   <div class='ocr_carea' id='block_1_158' title="bbox 1819 3854 3341 3927">
    <p class='ocr_par' dir='ltr' id='par_1_158' title="bbox 1819 3854 3341 3927">
     <span class='ocr_line' id='line_1_159' title="bbox 1819 3854 3341 3927; baseline 0.003 -21"><span class='ocrx_word' id='word_1_622' title='bbox 1819 3854 1986 3907; x_wconf 79' lang='grc' dir='ltr'><em>ταῦτα</em></span> <span class='ocrx_word' id='word_1_623' title='bbox 2015 3855 2072 3906; x_wconf 85' lang='grc' dir='ltr'><em>ὲν</em></span> <span class='ocrx_word' id='word_1_624' title='bbox 2104 3855 2304 3919; x_wconf 75' lang='grc' dir='ltr'><em>ἔπεσιν,</em></span> <span class='ocrx_word' id='word_1_625' title='bbox 2338 3857 2412 3920; x_wconf 86' lang='grc' dir='ltr'><em>ὠς</em></span> <span class='ocrx_word' id='word_1_626' title='bbox 2438 3873 2717 3927; x_wconf 80' lang='grc' dir='ltr'><em>στοχασμῳ</em></span> <span class='ocrx_word' id='word_1_627' title='bbox 2764 3858 2961 3923; x_wconf 72' lang='grc' dir='ltr'><em>εἰπεῖν,</em></span> <span class='ocrx_word' id='word_1_628' title='bbox 3018 3858 3341 3925; x_wconf 75' lang='grc' dir='ltr'><em>τυγχάνοντα</em></span> 
     </span>
    </p>
   </div>
   <div class='ocr_carea' id='block_1_159' title="bbox 1820 3941 2452 4014">
    <p class='ocr_par' dir='ltr' id='par_1_159' title="bbox 1820 3941 2452 4014">
     <span class='ocr_line' id='line_1_160' title="bbox 1820 3941 2452 4014; baseline 0.003 -20"><span class='ocrx_word' id='word_1_629' title='bbox 1820 3941 2103 4006; x_wconf 86' lang='grc' dir='ltr'><em>διακοσίοις</em></span> <span class='ocrx_word' id='word_1_630' title='bbox 2170 3944 2259 3995; x_wconf 81' lang='grc' dir='ltr'><strong>καὶ</strong></span> <span class='ocrx_word' id='word_1_631' title='bbox 2301 3944 2452 4014; x_wconf 76' lang='grc' dir='ltr'><strong>πρὸς.</strong></span> 
     </span>
    </p>
   </div>
   <div class='ocr_carea' id='block_1_160' title="bbox 1886 4117 3336 4187">
    <p class='ocr_par' dir='ltr' id='par_1_160' title="bbox 1886 4117 3336 4187">
     <span class='ocr_line' id='line_1_161' title="bbox 1886 4117 3336 4187; baseline 0 -16"><span class='ocrx_word' id='word_1_632' title='bbox 1886 4117 1944 4173; x_wconf 89' lang='lat' dir='ltr'><strong>In</strong></span> <span class='ocrx_word' id='word_1_633' title='bbox 1965 4118 2241 4173; x_wconf 86' lang='lat' dir='ltr'><strong>duodecim</strong></span> <span class='ocrx_word' id='word_1_634' title='bbox 2273 4119 2566 4187; x_wconf 88' lang='lat' dir='ltr'><strong>prophetis,</strong></span> <span class='ocrx_word' id='word_1_635' title='bbox 2598 4132 2706 4172; x_wconf 91' lang='lat' dir='ltr'><strong>non</strong></span> <span class='ocrx_word' id='word_1_636' title='bbox 2737 4117 2898 4171; x_wconf 90' lang='lat' dir='ltr'><strong>modo</strong></span> <span class='ocrx_word' id='word_1_637' title='bbox 2930 4131 3021 4171; x_wconf 81' lang='lat' dir='ltr'><strong>sex</strong></span> <span class='ocrx_word' id='word_1_638' title='bbox 3060 4117 3336 4172; x_wconf 82' lang='lat' dir='ltr'><strong>columna-</strong></span> 
     </span>
    </p>
   </div>
   <div class='ocr_carea' id='block_1_161' title="bbox 1008 4203 3339 4277">
    <p class='ocr_par' dir='ltr' id='par_1_161' title="bbox 1008 4203 3339 4277">
     <span class='ocr_line' id='line_1_162' title="bbox 1008 4203 3339 4277; baseline -0.001 -14"><span class='ocrx_word' id='word_1_639' title='bbox 1008 4205 1605 4274; x_wconf 82' lang='lat' dir='ltr'><strong>Deum,etbenedicentes</strong></span> <span class='ocrx_word' id='word_1_640' title='bbox 1621 4203 1719 4257; x_wconf 89' lang='lat' dir='ltr'><strong>Do-</strong></span> <span class='ocrx_word' id='word_1_641' title='bbox 1814 4221 1933 4260; x_wconf 86' lang='lat' dir='ltr'><strong>rum</strong></span> <span class='ocrx_word' id='word_1_642' title='bbox 1970 4220 2103 4274; x_wconf 91' lang='lat' dir='ltr'><strong>opus</strong></span> <span class='ocrx_word' id='word_1_643' title='bbox 2125 4206 2408 4260; x_wconf 83' lang='lat' dir='ltr'><strong>adornavit</strong></span> <span class='ocrx_word' id='word_1_644' title='bbox 2436 4204 2710 4277; x_wconf 75' lang='lat' dir='ltr'><strong>Origenes,</strong></span> <span class='ocrx_word' id='word_1_645' title='bbox 2745 4206 2836 4261; x_wconf 88' lang='lat' dir='ltr'><strong>sed</strong></span> <span class='ocrx_word' id='word_1_646' title='bbox 2878 4206 3037 4261; x_wconf 89' lang='lat' dir='ltr'><strong>etiam</strong></span> <span class='ocrx_word' id='word_1_647' title='bbox 3065 4213 3173 4261; x_wconf 89' lang='lat' dir='ltr'><strong>tres</strong></span> <span class='ocrx_word' id='word_1_648' title='bbox 3205 4206 3339 4261; x_wconf 83' lang='lat' dir='ltr'><strong>alias</strong></span> 
     </span>
    </p>
   </div>
   <div class='ocr_carea' id='block_1_162' title="bbox 1004 4296 1713 4370">
    <p class='ocr_par' dir='ltr' id='par_1_162' title="bbox 1004 4296 1713 4370">
     <span class='ocr_line' id='line_1_163' title="bbox 1004 4296 1713 4370; baseline -0.011 -13"><span class='ocrx_word' id='word_1_649' title='bbox 1004 4306 1222 4366; x_wconf 79' lang='lat' dir='ltr'><strong>minam,</strong></span> <span class='ocrx_word' id='word_1_650' title='bbox 1254 4314 1425 4370; x_wconf 88' lang='lat' dir='ltr'><strong>usque</strong></span> <span class='ocrx_word' id='word_1_651' title='bbox 1462 4298 1527 4353; x_wconf 87' lang='lat' dir='ltr'><strong>ad</strong></span> <span class='ocrx_word' id='word_1_652' title='bbox 1551 4296 1676 4351; x_wconf 91' lang='lat' dir='ltr'><strong>illud</strong></span> <span class='ocrx_word' id='word_1_653' title='bbox 1698 4313 1713 4350; x_wconf 93' lang='lat'><strong>:</strong></span> 
     </span>
    </p>
   </div>
   <div class='ocr_carea' id='block_1_163' title="bbox 1000 4386 1716 4447">
    <p class='ocr_par' dir='ltr' id='par_1_163' title="bbox 1000 4386 1716 4447">
     <span class='ocr_line' id='line_1_164' title="bbox 1000 4386 1716 4447; baseline -0.014 0"><span class='ocrx_word' id='word_1_654' title='bbox 1000 4393 1292 4447; x_wconf 86' lang='lat' dir='ltr'><strong>Benedicite</strong></span> <span class='ocrx_word' id='word_1_655' title='bbox 1334 4404 1506 4442; x_wconf 88' lang='lat' dir='ltr'><strong>omnes</strong></span> <span class='ocrx_word' id='word_1_656' title='bbox 1555 4386 1716 4440; x_wconf 85' lang='lat' dir='ltr'><strong>colen-</strong></span> 
     </span>
    </p>
   </div>
   <div class='ocr_carea' id='block_1_164' title="bbox 1814 4293 3338 4365">
    <p class='ocr_par' dir='ltr' id='par_1_164' title="bbox 1814 4293 3338 4365">
     <span class='ocr_line' id='line_1_165' title="bbox 1814 4293 3338 4365; baseline 0.001 -17"><span class='ocrx_word' id='word_1_657' title='bbox 1814 4293 2095 4355; x_wconf 86' lang='lat' dir='ltr'><strong>editiones,</strong></span> <span class='ocrx_word' id='word_1_658' title='bbox 2125 4293 2398 4360; x_wconf 85' lang='lat' dir='ltr'><strong>Quintam,</strong></span> <span class='ocrx_word' id='word_1_659' title='bbox 2429 4293 2665 4361; x_wconf 73' lang='lat' dir='ltr'><strong>Senam,</strong></span> <span class='ocrx_word' id='word_1_660' title='bbox 2696 4295 2983 4364; x_wconf 85' lang='lat' dir='ltr'><strong>Septimam</strong></span> <span class='ocrx_word' id='word_1_661' title='bbox 3037 4295 3249 4365; x_wconf 81' lang='lat' dir='ltr'><strong>adjecit,</strong></span> <span class='ocrx_word' id='word_1_662' title='bbox 3279 4306 3338 4350; x_wconf 90' lang='lat' dir='ltr'><strong>ut</strong></span> 
     </span>
    </p>
   </div>
   <div class='ocr_carea' id='block_1_165' title="bbox 1813 4384 3334 4455">
    <p class='ocr_par' dir='ltr' id='par_1_165' title="bbox 1813 4384 3334 4455">
     <span class='ocr_line' id='line_1_166' title="bbox 1813 4384 3334 4455; baseline 0.001 -19"><span class='ocrx_word' id='word_1_663' title='bbox 1813 4397 1879 4437; x_wconf 77' lang='lat' dir='ltr'><strong>ex</strong></span> <span class='ocrx_word' id='word_1_664' title='bbox 1909 4399 2093 4437; x_wconf 90' lang='lat' dir='ltr'><strong>eorum</strong></span> <span class='ocrx_word' id='word_1_665' title='bbox 2129 4384 2439 4454; x_wconf 74' lang='lat' dir='ltr'><strong>fragmentis</strong></span> <span class='ocrx_word' id='word_1_666' title='bbox 2463 4385 2689 4455; x_wconf 88' lang='lat' dir='ltr'><strong>sparsim</strong></span> <span class='ocrx_word' id='word_1_667' title='bbox 2735 4386 2920 4454; x_wconf 89' lang='lat' dir='ltr'><strong>positis</strong></span> <span class='ocrx_word' id='word_1_668' title='bbox 2948 4385 3208 4455; x_wconf 88' lang='lat' dir='ltr'><strong>liquidum</strong></span> <span class='ocrx_word' id='word_1_669' title='bbox 3232 4392 3334 4439; x_wconf 88' lang='lat' dir='ltr'><strong>est.</strong></span> 
     </span>
    </p>
   </div>
   <div class='ocr_carea' id='block_1_166' title="bbox 1001 4470 3339 4547">
    <p class='ocr_par' dir='ltr' id='par_1_166' title="bbox 1001 4470 3339 4547">
     <span class='ocr_line' id='line_1_167' title="bbox 1001 4470 3339 4547; baseline -0.003 -8"><span class='ocrx_word' id='word_1_670' title='bbox 1001 4497 1070 4539; x_wconf 86' lang='lat' dir='ltr'><strong>les</strong></span> <span class='ocrx_word' id='word_1_671' title='bbox 1102 4483 1379 4537; x_wconf 86' lang='lat' dir='ltr'><strong>Dominum</strong></span> <span class='ocrx_word' id='word_1_672' title='bbox 1413 4479 1575 4532; x_wconf 83' lang='lat' dir='ltr'><strong>Deum</strong></span> <span class='ocrx_word' id='word_1_673' title='bbox 1594 4476 1714 4530; x_wconf 87' lang='lat' dir='ltr'><strong>deo-</strong></span> <span class='ocrx_word' id='word_1_674' title='bbox 1743 4479 1787 4533; x_wconf 89' lang='lat' dir='ltr'><strong>D</strong></span> <span class='ocrx_word' id='word_1_675' title='bbox 1813 4470 1891 4525; x_wconf 82' lang='lat' dir='ltr'><strong>Ex</strong></span> <span class='ocrx_word' id='word_1_676' title='bbox 1924 4472 2010 4527; x_wconf 89' lang='lat' dir='ltr'><strong>his</strong></span> <span class='ocrx_word' id='word_1_677' title='bbox 2064 4487 2226 4541; x_wconf 90' lang='lat' dir='ltr'><strong>porro</strong></span> <span class='ocrx_word' id='word_1_678' title='bbox 2289 4474 2538 4530; x_wconf 88' lang='lat' dir='ltr'><strong>omnibus</strong></span> <span class='ocrx_word' id='word_1_679' title='bbox 2590 4474 2932 4543; x_wconf 88' lang='lat' dir='ltr'><strong>editionibus,</strong></span> <span class='ocrx_word' id='word_1_680' title='bbox 2982 4477 3161 4532; x_wconf 88' lang='lat' dir='ltr'><strong>omnia</strong></span> <span class='ocrx_word' id='word_1_681' title='bbox 3201 4491 3339 4547; x_wconf 80' lang='lat' dir='ltr'><strong>pene</strong></span> 
     </span>
    </p>
   </div>
   <div class='ocr_carea' id='block_1_167' title="bbox 352 4565 1705 4653">
    <p class='ocr_par' dir='ltr' id='par_1_167' title="bbox 352 4565 1705 4653">
     <span class='ocr_line' id='line_1_168' title="bbox 352 4565 1705 4653; baseline -0.021 -9"><span class='ocrx_word' id='word_1_682' title='bbox 352 4588 437 4643; x_wconf 76' lang='grc' dir='ltr'><em>ἴτε</em></span> <span class='ocrx_word' id='word_1_683' title='bbox 504 4585 754 4653; x_wconf 76' lang='grc' dir='ltr'><em>πάντες</em></span> <span class='ocrx_word' id='word_1_684' title='bbox 834 4585 897 4635; x_wconf 82' lang='grc' dir='ltr'><strong>οι</strong></span> <span class='ocrx_word' id='word_1_685' title='bbox 997 4591 1131 4639; x_wconf 89' lang='lat' dir='ltr'><strong>rum,</strong></span> <span class='ocrx_word' id='word_1_686' title='bbox 1154 4571 1364 4625; x_wconf 72' lang='lat' dir='ltr'><strong>laudate</strong></span> <span class='ocrx_word' id='word_1_687' title='bbox 1411 4577 1459 4621; x_wconf 89' lang='lat' dir='ltr'><strong>et</strong></span> <span class='ocrx_word' id='word_1_688' title='bbox 1495 4565 1705 4634; x_wconf 78' lang='lat' dir='ltr'><strong>conﬁte-</strong></span> 
     </span>
    </p>
   </div>
   <div class='ocr_carea' id='block_1_168' title="bbox 1812 4560 2322 4635">
    <p class='ocr_par' dir='ltr' id='par_1_168' title="bbox 1812 4560 2322 4635">
     <span class='ocr_line' id='line_1_169' title="bbox 1812 4560 2322 4635; baseline 0.002 -20"><span class='ocrx_word' id='word_1_689' title='bbox 1812 4577 1947 4616; x_wconf 83' lang='lat' dir='ltr'><strong>nova</strong></span> <span class='ocrx_word' id='word_1_690' title='bbox 1979 4560 2322 4635; x_wconf 79' lang='lat' dir='ltr'><strong>proferimus,</strong></span> 
     </span>
    </p>
   </div>
   <div class='ocr_carea' id='block_1_169' title="bbox 1274 4742 2288 4900">
    <p class='ocr_par' dir='ltr' id='par_1_169' title="bbox 1274 4742 2288 4900">
     <span class='ocr_line' id='line_1_170' title="bbox 1274 4742 2288 4900; baseline -0.013 -1"><span class='ocrx_word' id='word_1_691' title='bbox 1274 4809 1642 4900; x_wconf 83' lang='lat' dir='ltr'><strong>CAPUT</strong></span> <span class='ocrx_word' id='word_1_692' title='bbox 1710 4800 2288 4892; x_wconf 76' lang='lat' dir='ltr'><strong>DECIMUM.</strong></span> 
     </span>
    </p>
   </div>
   <div class='ocr_carea' id='block_1_170' title="bbox 609 5371 1251 5440">
    <p class='ocr_par' dir='ltr' id='par_1_170' title="bbox 609 5371 1251 5440">
     <span class='ocr_line' id='line_1_171' title="bbox 609 5371 1251 5440; baseline -0.025 -3"><span class='ocrx_word' id='word_1_693' title='bbox 609 5386 661 5439; x_wconf 83' lang='grc' dir='ltr'><em>ι.</em></span> <span class='ocrx_word' id='word_1_694' title='bbox 697 5381 789 5435; x_wconf 87' lang='lat' dir='ltr'><strong>De</strong></span> <span class='ocrx_word' id='word_1_695' title='bbox 827 5373 977 5429; x_wconf 82' lang='lat' dir='ltr'><strong>notis</strong></span> <span class='ocrx_word' id='word_1_696' title='bbox 1019 5371 1251 5440; x_wconf 85' lang='lat' dir='ltr'><strong>cognitis.</strong></span> 
     </span>
    </p>
   </div>
   <div class='ocr_carea' id='block_1_171' title="bbox 206 5450 1717 5543">
    <p class='ocr_par' dir='ltr' id='par_1_171' title="bbox 206 5450 1717 5543">
     <span class='ocr_line' id='line_1_172' title="bbox 206 5450 1717 5543; baseline -0.022 -7"><span class='ocrx_word' id='word_1_697' title='bbox 206 5466 275 5527; x_wconf 77' lang='grc' dir='ltr'><em>ιιι</em></span> <span class='ocrx_word' id='word_1_698' title='bbox 305 5473 699 5543; x_wconf 84' lang='lat' dir='ltr'><strong>manuscriptis</strong></span> <span class='ocrx_word' id='word_1_699' title='bbox 743 5461 1041 5521; x_wconf 88' lang='lat' dir='ltr'><strong>codicibus</strong></span> <span class='ocrx_word' id='word_1_700' title='bbox 1073 5453 1397 5543; x_wconf 74' lang='lat' dir='ltr'><strong>pervetustis</strong></span> <span class='ocrx_word' id='word_1_701' title='bbox 1423 5452 1515 5520; x_wconf 88' lang='lat' dir='ltr'><strong>qui</strong></span> <span class='ocrx_word' id='word_1_702' title='bbox 1546 5450 1717 5504; x_wconf 81' lang='lat' dir='ltr'><strong>Hexa-</strong></span> 
     </span>
    </p>
   </div>
   <div class='ocr_carea' id='block_1_172' title="bbox 158 5542 1719 5629">
    <p class='ocr_par' dir='ltr' id='par_1_172' title="bbox 158 5542 1719 5629">
     <span class='ocr_line' id='line_1_173' title="bbox 158 5542 1719 5629; baseline -0.02 -7"><span class='ocrx_word' id='word_1_703' title='bbox 158 5546 351 5620; x_wconf 68' lang='lat' dir='ltr'><strong>P‘Orum</strong></span> <span class='ocrx_word' id='word_1_704' title='bbox 376 5542 648 5620; x_wconf 81' lang='lat' dir='ltr'><strong>lectiones</strong></span> <span class='ocrx_word' id='word_1_705' title='bbox 676 5553 1020 5629; x_wconf 66' lang='lat' dir='ltr'><strong>praeferunt,</strong></span> <span class='ocrx_word' id='word_1_706' title='bbox 1060 5556 1196 5601; x_wconf 74' lang='lat' dir='ltr'><strong>nota:</strong></span> <span class='ocrx_word' id='word_1_707' title='bbox 1251 5542 1493 5614; x_wconf 78' lang='lat' dir='ltr'><strong>quaedam</strong></span> <span class='ocrx_word' id='word_1_708' title='bbox 1526 5554 1719 5629; x_wconf 80' lang='lat' dir='ltr'><strong>occur-</strong></span> 
     </span>
    </p>
   </div>
   <div class='ocr_carea' id='block_1_173' title="bbox 168 5628 1696 5715">
    <p class='ocr_par' dir='ltr' id='par_1_173' title="bbox 168 5628 1696 5715">
     <span class='ocr_line' id='line_1_174' title="bbox 168 5628 1696 5715; baseline -0.02 -4"><span class='ocrx_word' id='word_1_709' title='bbox 168 5650 303 5715; x_wconf 65' lang='lat' dir='ltr'><strong>“ut,</strong></span> <span class='ocrx_word' id='word_1_710' title='bbox 329 5658 389 5708; x_wconf 83' lang='lat' dir='ltr'><strong>ab</strong></span> <span class='ocrx_word' id='word_1_711' title='bbox 416 5655 508 5715; x_wconf 87' lang='lat' dir='ltr'><strong>iis.</strong></span> <span class='ocrx_word' id='word_1_712' title='bbox 548 5659 613 5705; x_wconf 87' lang='lat' dir='ltr'><strong>ut</strong></span> <span class='ocrx_word' id='word_1_713' title='bbox 641 5628 903 5705; x_wconf 79' lang='lat' dir='ltr'><strong>videtur,</strong></span> <span class='ocrx_word' id='word_1_714' title='bbox 931 5637 1254 5705; x_wconf 69' lang='lat' dir='ltr'><strong>excogitatae,</strong></span> <span class='ocrx_word' id='word_1_715' title='bbox 1277 5632 1370 5701; x_wconf 89' lang='lat' dir='ltr'><strong>qui</strong></span> <span class='ocrx_word' id='word_1_716' title='bbox 1395 5630 1513 5682; x_wconf 87' lang='lat' dir='ltr'><strong>illas</strong></span> <span class='ocrx_word' id='word_1_717' title='bbox 1540 5628 1696 5715; x_wconf 83' lang='lat' dir='ltr'><strong>lectio</strong></span> 
     </span>
    </p>
   </div>
   <div class='ocr_carea' id='block_1_174' title="bbox 174 5714 1715 5813">
    <p class='ocr_par' dir='ltr' id='par_1_174' title="bbox 174 5714 1715 5813">
     <span class='ocr_line' id='line_1_175' title="bbox 174 5714 1715 5813; baseline -0.019 -16"><span class='ocrx_word' id='word_1_718' title='bbox 174 5737 264 5788; x_wconf 62' lang='grc' dir='ltr'><strong>πει</strong></span> <span class='ocrx_word' id='word_1_719' title='bbox 290 5740 897 5813; x_wconf 86' lang='lat' dir='ltr'><strong>interpretationesque</strong></span> <span class='ocrx_word' id='word_1_720' title='bbox 925 5735 1160 5780; x_wconf 76' lang='lat' dir='ltr'><strong>veterum</strong></span> <span class='ocrx_word' id='word_1_721' title='bbox 1193 5725 1247 5778; x_wconf 91' lang='lat' dir='ltr'><strong>in</strong></span> <span class='ocrx_word' id='word_1_722' title='bbox 1281 5716 1610 5790; x_wconf 75' lang='lat' dir='ltr'><strong>marginibus</strong></span> <span class='ocrx_word' id='word_1_723' title='bbox 1627 5714 1715 5768; x_wconf 89' lang='lat' dir='ltr'><strong>Bi-</strong></span> 
     </span>
    </p>
   </div>
   <div class='ocr_carea' id='block_1_175' title="bbox 453 5820 1124 5895">
    <p class='ocr_par' dir='ltr' id='par_1_175' title="bbox 453 5820 1124 5895">
     <span class='ocr_line' id='line_1_176' title="bbox 453 5820 1124 5895; baseline -0.024 0"><span class='ocrx_word' id='word_1_724' title='bbox 453 5837 748 5895; x_wconf 66' lang='lat' dir='ltr'><strong>Pnnon.</strong></span> <span class='ocrx_word' id='word_1_725' title='bbox 797 5826 927 5888; x_wconf 78' lang='lat' dir='ltr'><strong>Gn.</strong></span> <span class='ocrx_word' id='word_1_726' title='bbox 973 5820 1124 5882; x_wconf 79' lang='lat' dir='ltr'><strong>XV..</strong></span> 
     </span>
    </p>
   </div>
   <div class='ocr_carea' id='block_1_176' title="bbox 919 4950 2612 5046">
    <p class='ocr_par' dir='ltr' id='par_1_176' title="bbox 919 4950 2612 5046">
     <span class='ocr_line' id='line_1_177' title="bbox 919 4950 2612 5046; baseline -0.014 -10"><span class='ocrx_word' id='word_1_727' title='bbox 919 4974 1013 5035; x_wconf 88' lang='lat' dir='ltr'><strong>De</strong></span> <span class='ocrx_word' id='word_1_728' title='bbox 1061 4968 1228 5034; x_wconf 89' lang='lat' dir='ltr'><strong>notis</strong></span> <span class='ocrx_word' id='word_1_729' title='bbox 1271 4966 1347 5028; x_wconf 82' lang='lat' dir='ltr'><strong>ad</strong></span> <span class='ocrx_word' id='word_1_730' title='bbox 1397 4959 1675 5038; x_wconf 80' lang='lat' dir='ltr'><strong>Hexapla</strong></span> <span class='ocrx_word' id='word_1_731' title='bbox 1717 4976 1813 5021; x_wconf 78' lang='lat' dir='ltr'><strong>vet</strong></span> <span class='ocrx_word' id='word_1_732' title='bbox 1852 4953 2138 5046; x_wconf 10' lang='lat' dir='ltr'><strong>Tetra&#39;pla</strong></span> <span class='ocrx_word' id='word_1_733' title='bbox 2165 4950 2612 5031; x_wconf 84' lang='lat' dir='ltr'><strong>spectantibus.</strong></span> 
     </span>
    </p>
   </div>
   <div class='ocr_carea' id='block_1_177' title="bbox 1065 5187 3339 5264">
    <p class='ocr_par' dir='ltr' id='par_1_177' title="bbox 1065 5187 3339 5264">
     <span class='ocr_line' id='line_1_178' title="bbox 1065 5187 3339 5264; baseline -0.006 -10"><span class='ocrx_word' id='word_1_734' title='bbox 1065 5204 1334 5264; x_wconf 82' lang='lat' dir='ltr'><strong>incognitis.</strong></span> <span class='ocrx_word' id='word_1_735' title='bbox 1359 5198 1441 5264; x_wconf 78' lang='lat' dir='ltr'><strong>lli.</strong></span> <span class='ocrx_word' id='word_1_736' title='bbox 1468 5194 1718 5264; x_wconf 54' lang='lat' dir='ltr'><strong>ifrobatur,</strong></span> <span class='ocrx_word' id='word_1_737' title='bbox 1741 5201 1904 5264; x_wconf 74' lang='lat' dir='ltr'><strong>contra</strong></span> <span class='ocrx_word' id='word_1_738' title='bbox 1933 5196 2155 5264; x_wconf 44' lang='lat' dir='ltr'><strong>Brut-rum</strong></span> <span class='ocrx_word' id='word_1_739' title='bbox 2177 5190 2451 5264; x_wconf 64' lang='lat' dir='ltr'><strong>Waltonum</strong></span> <span class='ocrx_word' id='word_1_740' title='bbox 2476 5193 2636 5239; x_wconf 82' lang='lat' dir='ltr'><strong>notam</strong></span> <span class='ocrx_word' id='word_1_741' title='bbox 2678 5199 2715 5240; x_wconf 77' lang='grc' dir='ltr'><em>οι</em></span> <span class='ocrx_word' id='word_1_742' title='bbox 2772 5200 2812 5240; x_wconf 80' lang='lat' dir='ltr'><strong>r&#39;</strong></span> <span class='ocrx_word' id='word_1_743' title='bbox 2833 5187 3103 5250; x_wconf 72' lang='lat' dir='ltr'><strong>signiﬁcare</strong></span> <span class='ocrx_word' id='word_1_744' title='bbox 3134 5191 3237 5239; x_wconf 79' lang='lat' dir='ltr'><strong>tres</strong></span> <span class='ocrx_word' id='word_1_745' title='bbox 3260 5191 3339 5240; x_wconf 63' lang='lat' dir='ltr'><strong>inn</strong></span> 
     </span>
    </p>
   </div>
   <div class='ocr_carea' id='block_1_178' title="bbox 1075 5252 2447 5326">
    <p class='ocr_par' dir='ltr' id='par_1_178' title="bbox 1075 5252 2447 5326">
     <span class='ocr_line' id='line_1_179' title="bbox 1075 5252 2447 5326; baseline -0.013 -12"><span class='ocrx_word' id='word_1_746' title='bbox 1075 5252 1335 5326; x_wconf 42' lang='lat' dir='ltr'><strong>terp‘retes,</strong></span> <span class='ocrx_word' id='word_1_747' title='bbox 1362 5259 1601 5320; x_wconf 77' lang='lat' dir='ltr'><strong>Aquilam,</strong></span> <span class='ocrx_word' id='word_1_748' title='bbox 1627 5252 1959 5318; x_wconf 82' lang='lat' dir='ltr'><strong>Symmachum</strong></span> <span class='ocrx_word' id='word_1_749' title='bbox 1981 5261 2034 5304; x_wconf 87' lang='lat' dir='ltr'><strong>et</strong></span> <span class='ocrx_word' id='word_1_750' title='bbox 2051 5252 2447 5304; x_wconf 85' lang='lat' dir='ltr'><strong>Theodotionem.</strong></span> 
     </span>
    </p>
   </div>
   <div class='ocr_carea' id='block_1_179' title="bbox 1815 5354 3329 5425">
    <p class='ocr_par' dir='ltr' id='par_1_179' title="bbox 1815 5354 3329 5425">
     <span class='ocr_line' id='line_1_180' title="bbox 1815 5354 3329 5425; baseline -0.005 -9"><span class='ocrx_word' id='word_1_751' title='bbox 1815 5362 2042 5416; x_wconf 88' lang='lat' dir='ltr'><strong>bliorum</strong></span> <span class='ocrx_word' id='word_1_752' title='bbox 2068 5355 2472 5418; x_wconf 78' lang='lat' dir='ltr'><strong>exscribebant;</strong></span> <span class='ocrx_word' id='word_1_753' title='bbox 2527 5354 2687 5422; x_wconf 87' lang='lat' dir='ltr'><strong>idque</strong></span> <span class='ocrx_word' id='word_1_754' title='bbox 2712 5354 3006 5425; x_wconf 91' lang='lat' dir='ltr'><strong>compendii</strong></span> <span class='ocrx_word' id='word_1_755' title='bbox 3051 5368 3235 5421; x_wconf 84' lang='lat' dir='ltr'><strong>causa,</strong></span> <span class='ocrx_word' id='word_1_756' title='bbox 3264 5366 3329 5409; x_wconf 72' lang='lat' dir='ltr'><strong>ne</strong></span> 
     </span>
    </p>
   </div>
   <div class='ocr_carea' id='block_1_180' title="bbox 1813 5445 3328 5515">
    <p class='ocr_par' dir='ltr' id='par_1_180' title="bbox 1813 5445 3328 5515">
     <span class='ocr_line' id='line_1_181' title="bbox 1813 5445 3328 5515; baseline -0.009 -9"><span class='ocrx_word' id='word_1_757' title='bbox 1813 5451 2024 5505; x_wconf 89' lang='lat' dir='ltr'><strong>easdem</strong></span> <span class='ocrx_word' id='word_1_758' title='bbox 2060 5461 2218 5502; x_wconf 83' lang='lat' dir='ltr'><strong>voces</strong></span> <span class='ocrx_word' id='word_1_759' title='bbox 2244 5446 2478 5511; x_wconf 79' lang='lat' dir='ltr'><strong>integras</strong></span> <span class='ocrx_word' id='word_1_760' title='bbox 2507 5445 2699 5513; x_wconf 67' lang='lat' dir='ltr'><strong>saepius</strong></span> <span class='ocrx_word' id='word_1_761' title='bbox 2723 5458 2958 5515; x_wconf 87' lang='lat' dir='ltr'><strong>repetere</strong></span> <span class='ocrx_word' id='word_1_762' title='bbox 2989 5451 3328 5512; x_wconf 80' lang='lat' dir='ltr'><strong>cOgerentur.</strong></span> 
     </span>
    </p>
   </div>
   <div class='ocr_carea' id='block_1_181' title="bbox 1812 5534 3329 5607">
    <p class='ocr_par' dir='ltr' id='par_1_181' title="bbox 1812 5534 3329 5607">
     <span class='ocr_line' id='line_1_182' title="bbox 1812 5534 3329 5607; baseline -0.008 -13"><span class='ocrx_word' id='word_1_763' title='bbox 1812 5540 2007 5594; x_wconf 86' lang='lat' dir='ltr'><strong>Earum</strong></span> <span class='ocrx_word' id='word_1_764' title='bbox 2031 5551 2188 5607; x_wconf 90' lang='lat' dir='ltr'><strong>porro</strong></span> <span class='ocrx_word' id='word_1_765' title='bbox 2230 5541 2475 5587; x_wconf 88' lang='lat' dir='ltr'><strong>notarum</strong></span> <span class='ocrx_word' id='word_1_766' title='bbox 2532 5534 3015 5605; x_wconf 85' lang='lat' dir='ltr'><strong>interpretationem</strong></span> <span class='ocrx_word' id='word_1_767' title='bbox 3064 5543 3329 5599; x_wconf 81' lang='lat' dir='ltr'><strong>nusquam</strong></span> 
     </span>
    </p>
   </div>
   <div class='ocr_carea' id='block_1_182' title="bbox 1814 5620 3328 5698">
    <p class='ocr_par' dir='ltr' id='par_1_182' title="bbox 1814 5620 3328 5698">
     <span class='ocr_line' id='line_1_183' title="bbox 1814 5620 3328 5698; baseline -0.014 -11"><span class='ocrx_word' id='word_1_768' title='bbox 1814 5629 2108 5698; x_wconf 86' lang='lat' dir='ltr'><strong>reperimus</strong></span> <span class='ocrx_word' id='word_1_769' title='bbox 2171 5621 2513 5688; x_wconf 89' lang='lat' dir='ltr'><strong>descriptam,</strong></span> <span class='ocrx_word' id='word_1_770' title='bbox 2570 5627 2660 5678; x_wconf 88' lang='lat' dir='ltr'><strong>sed</strong></span> <span class='ocrx_word' id='word_1_771' title='bbox 2709 5624 2958 5678; x_wconf 89' lang='lat' dir='ltr'><strong>diuturna</strong></span> <span class='ocrx_word' id='word_1_772' title='bbox 3019 5620 3328 5672; x_wconf 80' lang='lat' dir='ltr'><strong>tractatione</strong></span> 
     </span>
    </p>
   </div>
   <div class='ocr_carea' id='block_1_183' title="bbox 1813 5707 3325 5780">
    <p class='ocr_par' dir='ltr' id='par_1_183' title="bbox 1813 5707 3325 5780">
     <span class='ocr_line' id='line_1_184' title="bbox 1813 5707 3325 5780; baseline -0.011 -8"><span class='ocrx_word' id='word_1_773' title='bbox 1813 5714 2291 5780; x_wconf 76' lang='lat' dir='ltr'><strong>exercitati‘oneque</strong></span> <span class='ocrx_word' id='word_1_774' title='bbox 2312 5723 2444 5777; x_wconf 87' lang='lat' dir='ltr'><strong>pene</strong></span> <span class='ocrx_word' id='word_1_775' title='bbox 2468 5712 2703 5765; x_wconf 88' lang='lat' dir='ltr'><strong>omnium</strong></span> <span class='ocrx_word' id='word_1_776' title='bbox 2746 5707 3147 5779; x_wconf 79' lang='lat' dir='ltr'><strong>explicationem</strong></span> <span class='ocrx_word' id='word_1_777' title='bbox 3179 5716 3325 5757; x_wconf 75' lang='lat' dir='ltr'><strong>asse-</strong></span> 
     </span>
    </p>
   </div>
   <div class='ocr_carea' id='block_1_184' title="bbox 1863 5788 3098 5850">
    <p class='ocr_par' dir='ltr' id='par_1_184' title="bbox 1863 5788 3098 5850">
     <span class='ocr_line' id='line_1_185' title="bbox 1863 5788 3098 5850; baseline 0.006 -8"><span class='ocrx_word' id='word_1_778' title='bbox 1863 5788 1867 5793; x_wconf 77' lang='grc'><em>’</em></span> <span class='ocrx_word' id='word_1_779' title='bbox 3060 5796 3098 5850; x_wconf 67' lang='lat' dir='ltr'><strong>lt</strong></span> 
     </span>
    </p>
   </div>
  </div>
