3878 6398
572 412 668 464 107

1871 399 2369 457 PRIELIMINARIA

3573 408 3653 464 illi!

570 529 678 584 cuti
717 540 930 581 sumus:
969 522 1169 591 aliquot
1200 531 1372 575 tamen
1427 528 1710 590 supersunt
1743 537 1876 590 quas
1917 523 2082 575 intcr-
2108 529 2148 582 Α
2181 531 2237 573 ut
2276 520 2472 573 dictum
2513 529 2591 573 est
2625 519 2793 587 capite
2832 517 2884 580 5,
2918 516 3072 570 editio
3113 517 3403 586 hexaplaris
3449 519 3544 572 τῶν
3592 523 3658 588 θ’,

563 615 768 686 pretari
802 613 997 666 frustra
1026 612 1361 665 tentavimus.
1403 609 1443 661 Ε
1495 625 1550 664 re
1593 619 1768 664 autem
1797 609 1908 665 fore
1933 620 2086 678 puta-

575 706 743 758 vimus
809 717 900 755 eas
951 715 1135 754 omnes
1169 701 1251 753 hic
1298 699 1569 768 proferre:
1602 700 1774 768 primo
1811 701 1996 769 positis
2022 701 2087 754 iis

570 804 794 859 quorum
853 803 1040 843 sensus
1066 787 1116 839 in
1149 786 1388 839 notitiam
1449 785 1611 846 venit,
1663 795 1930 854 postremo
1966 785 2084 837 aliis

569 896 686 950 quae
717 880 969 932 hactenus
997 878 1185 946 ignota:
1214 877 1366 930 nobis
1397 883 1539 929 sunt.

647 964 1182 1033 Έξαπλᾶ,-Ηεαςαρια.
1223 963 1344 1018 llaec
1374 979 1475 1017 vox
1510 965 1588 1018 sic
1616 965 1730 1017 sine
1776 962 2087 1031 compendio

568 1071 774 1124 semper
810 1054 1109 1109 scribitur:
1166 1054 1451 1122 aliquando
1505 1063 1677 1107 tamen
1739 1052 1954 1116 Ἑξαπλ.
1997 1066 2088 1120 per

565 1157 752 1198 omnes
793 1157 971 1206 casus,
1023 1141 1146 1209 qui,
1200 1151 1258 1194 ut
1309 1142 1636 1209 plurimum,
1707 1156 1797 1208 per
1848 1140 2087 1209 praem-is-

569 1247 686 1288 sum
779 1231 1072 1285 articulum
1148 1231 1492 1297 indicantur,
1546 1232 1608 1284 τὰ
1696 1231 1905 1294 Ἑξαπλ.
1981 1233 2087 1294 τοῖς

580 1323 794 1387 Ἐξαπλ.
987 1348 992 1353 ·
1452 1366 1467 1388 ,

635 1415 734 1466 Δπ.
763 1412 1064 1482 Τετραπλᾶ,
1110 1411 1370 1480 Tetrapla,
1415 1412 1514 1466 hac
1568 1427 1797 1480 persaepe
1841 1421 1966 1465 nota
1998 1425 2090 1478 per

569 1514 754 1553 omnes
781 1513 936 1553 casus
961 1497 1348 1568 signiﬁcantur.
1369 1497 1620 1566 Exempla
1646 1515 1750 1552 non
1784 1513 1949 1566 pauca
1972 1498 2090 1551 vide

569 1589 793 1642 iri-libro
825 1586 943 1641 Job.
967 1587 1270 1655 Aliquando
1297 1589 1454 1641 etiam
1482 1589 1651 1642 solam
1677 1589 1904 1642 litteram
1929 1590 1966 1638 Δ
2014 1587 2088 1642 si-

570 1679 818 1748 gniﬁcare
842 1687 968 1747 puto
997 1678 1306 1749 Τετραπλᾶ’
1359 1678 1450 1732 sed
1495 1694 1580 1732 res
1612 1693 1716 1730 non
1761 1692 1930 1744 usque
1957 1677 2090 1731 adeo

568 1770 836 1838 explorata
867 1777 966 1823 est.
992 1767 1126 1821 Vide
1161 1783 1278 1836 qum
1310 1782 1372 1821 ea
1421 1767 1486 1821 de
1537 1781 1595 1820 re
1631 1766 1866 1820 diximus
1896 1763 2086 1817 Ezech.

573 1875 680 1921 xvi,
712 1875 761 1913 v.
786 1858 818 1911 4
841 1866 897 1911 et
918 1857 1005 1917 30.
1039 1859 1094 1910 in
1121 1858 1278 1910 notis.

625 1954 698 2001 VO.
728 1950 788 2000 υἱ
827 1946 1236 2016 Ἑόδομήκοντα,
1262 1945 1599 2013 Septuaginta
1633 1943 1964 2010 luterpretes.

633 2041 702 2092 Λ.
746 2035 985 2100 Ἀκύλας,
1029 2035 1239 2103 Aquila.

638 2123 697 2177 C.
733 2123 1037 2192 Σύμμαχος,
1057 2121 1438 2190 Symmachus.

637 2216 696 2267 Θ.
730 2213 1028 2275 Θεοδοτίων,
1059 2210 1404 2265 Theodotion.

638 2305 697 2356 E.
729 2301 953 2371 Πέμπτη
979 2300 1208 2363 ξὲκδοσις,
1234 2299 1426 2365 Quinta
1456 2298 1636 2353 editio.

641 2396 727 2458 ς’.
755 2393 923 2460 "Exim
956 2389 1178 2451 ἔκδυσις,
1204 2388 1363 2442 Sexta
1397 2390 1577 2444 editio.

640 2485 697 2535 Ζ.
739 2481 966 2550 Ἑϐδόμη
986 2480 1221 2543 ἐκδοσις,
1254 2479 1489 2548 Septima
1518 2478 1698 2532 editio.

638 2569 682 2638 ὲ
717 2581 768 2625 et
790 2573 878 2624 Ao.
918 2570 1123 2634 Λοιποί,
1157 2569 1362 2637 Reliqui
1410 2571 1739 2636 interpretes.
1773 2568 1873 2622 Ubi
1907 2569 2092 2622 adver-

574 2660 787 2714 tendum
816 2668 895 2712 est
929 2659 1067 2711 hanc
1095 2657 1489 2726 notamapponi
1520 2657 1804 2724 aliquando
1831 2671 1950 2709 cum
1980 2671 2094 2709 om-

580 2763 674 2803 nes
703 2749 790 2800 alii
831 2747 1141 2814 interpretes
1168 2746 1219 2798 in
1243 2746 1487 2798 versione
1518 2761 1612 2799 sua
1648 2745 1991 2808 conveniunt,
2042 2751 2094 2797 et

576 2854 604 2891 a
630 2837 765 2890 LXX
795 2836 1081 2890 differunt:
1112 2835 1458 2903 similiterque
1486 2842 1603 2903 post
1627 2834 1836 2887 allatam
1869 2833 2090 2896 Aquilae,

577 2927 880 2998 Symmachi
910 2927 988 2980 vel
1023 2925 1434 2979 Theodotionis'
1463 2924 1741 2976 lectionem
1768 2940 1782 2987 ;
1829 2922 1872 2976 si
1905 2923 2092 2990 reliqui

577 3021 891 3086 interpretes
936 3015 1051 3084 pari
1103 3016 1261 3070 modo
1289 3029 1433 3066 'cum
1490 3011 1626 3064 LXX
1665 3013 2090 3079 interpretentur,

572 3108 700 3162 ‘unc
725 3110 1006 3177 apponitur
1027 3115 1147 3159 nota
1170 3104 1222 3170 ἐ,
1249 3121 1263 3168 ;
1301 3119 1397 3157 nec
1419 3117 1551 3157 raro
1574 3103 1751 3167 etiam,
1800 3118 1919 3156 cum
1959 3118 2096 3156 unus

575 3200 792 3253 omnino
820 3197 991 3254 differt
1018 3198 1084 3250 ab
1112 3196 1248 3258 aliis,
1283 3195 1462 3249 caeteri
1489 3203 1662 3248 autem
1701 3208 1914 3262 parvam
1942 3193 2093 3246 exhi-

575 3291 702 3343 bent
728 3303 912 3342 vocum
936 3286 1364 3355 discrepantiam,
1395 3294 1521 3337 tunc
1565 3284 1706 3336 enim
1747 3283 1978 3352 neglecta
2009 3282 2095 3334 illa

577 3379 720 3433 tenui
748 3378 1032 3432 lectionum
1079 3375 1360 3437 varietate,
1423 3373 1592 3427 unius
1631 3372 1785 3426 lectio
1840 3371 2093 3433 aﬁ‘ertur,

577 3468 900 3537 praecedente
935 3475 1058 3520 nota
1106 3473 1152 3535 ὲ
1187 3464 1267 3518 vel
1294 3462 1371 3526 λο,
1407 3463 1545 3530 quod
1577 3477 1684 3514 non
1715 3461 1875 3514 semel
1897 3459 2097 3529 experti

578 3536 803 3611 sumus:
841 3536 1220 3622 nonnunquam
1283 3553 1441 3605 etiam
1505 3549 1718 3618 quando
1763 3549 1869 3602 duo
1919 3549 2093 3602 solum

575 3647 944 3710 consentiunt;
965 3644 1046 3698 vel
1075 3644 1230 3698 etiam
1258 3657 1376 3696 cum
1401 3651 1557 3694 tenue
1578 3641 1714 3693 inter
1733 3639 1886 3708 .ipsos
1916 3638 2096 3693 discri-

578 3755 697 3791 men
736 3735 1035 3799 intervenit,
1086 3749 1200 3790 .una
1247 3748 1344 3801 pro
1398 3733 1604 3786 duobus
1654 3730 1811 3784 lectio
1859 3730 2093 3799 ponitur,

577 3845 695 3882 cum
724 3835 846 3880 nota
873 3826 934 3877 Οἱ
955 3824 1146 3877 λοιποί.
1194 3822 1452 3876 Interdum
1483 3822 1606 3876 item
1626 3822 1672 3873 oi
1702 3820 1872 3873 λοιποί
1905 3819 2097 3874 dicitur

577 3915 792 3985 quando
823 3930 962 3968 unus
997 3921 1200 3967 tantum
1239 3913 1498 3980 interpres
1531 3910 1743 3965 allatam
1798 3911 2094 3964 versionem

579 4007 756 4068 habet,
777 4014 836 4058 ut
855 4003 1107 4058 exemplis
1131 4017 1267 4072 sazpe
1285 4002 1638 4072 probavimus
1661 4001 1711 4055 in
1742 4001 1900 4070 hujus
1921 4001 2095 4071 Operis

577 4097 824 4150 decursu.

643 4187 708 4237 Οἱ
734 4185 806 4247 I",
831 4183 961 4238 Tres
984 4182 1547 4251 interpretes,-scilicet
1589 4182 1802 4250 Aquila,
1856 4182 2097 4252 Symma-

580 4273 713 4327 chus
732 4282 784 4326 et
809 4271 1119 4326 Theodotio.
1156 4271 1446 4325 Rarissime
1467 4272 1645 4336 etiam,
1686 4271 1774 4324 ubi
1807 4271 1889 4325 vel
1909 4271 2098 4339 Aquila

583 4366 663 4418 vel
692 4380 831 4418 unus
862 4379 924 4417 ex
957 4364 1144 4428 tribus,
1169 4361 1656 4429 interpretationem
1698 4361 1853 4414 habet
1883 4375 1912 4413 a
1960 4359 2095 4412 LXX

2185 611 2337 677 longe
2361 609 2566 662 diversa
2591 608 2790 663 eratab
2817 606 2906 659 illa
2937 607 3119 676 Κοινῇ,
3151 605 3220 660 ita
3245 614 3298 660 ut
3324 607 3544 662 etiamin
3567 626 3658 664 ma-

2184 697 2469 765 nuscriptis
2509 697 2612 751 τῶν
2644 698 2718 761 0',
2750 694 3032 749 editionem
3067 693 3425 759 referentibus,
3454 695 3505 749 in
3543 713 3661 752 mar-

2184 787 2304 854 gine
2332 787 2378 837 οἱ
2400 787 2474 850 0',
2501 786 2652 853 quasi
2687 785 2957 839 diversam
2982 783 3195 837 omnino
3221 784 3668 853 interpretationem

2184 875 2440 929 habentes
2468 889 2496 926 a
2532 873 2703 927 fronte
2732 873 2889 926 variae
2932 874 3172 928 lectionis
3200 888 3332 942 sarpe
3357 886 3672 942 apponantur,

2184 978 2563 1032 nonnunquam
2595 963 2714 1027 soli,
2752 963 2842 1017 sed
2873 962 3206 1032 frequentius
3237 977 3352 1015 cum
3397 962 3506 1014 aliis
3534 963 3671 1016 inter-

2184 1053 2418 1122 pretibus
2476 1053 2552 1106 sic
2583 1068 2595 1103 :
2628 1056 2700 1118 0',
2739 1053 2801 1115 Θ,
2838 1053 2919 1106 vel
2955 1053 3010 1116 Σ,
3053 1053 3124 1116 0',
3187 1050 3243 1112 Θ,
3300 1051 3378 1103 vel
3429 1052 3488 1115 A,
3525 1052 3580 1116 Σ,
3607 1053 3670 1116 0',

2184 1144 2244 1207 Θ,
2276 1144 2364 1195 ubi
2395 1143 2571 1196 littera
2626 1144 2679 1193 0'
2708 1142 2992 1195 editionem
3025 1140 3354 1207 hexaplarem
3386 1140 3484 1191 τῶν
3511 1143 3559 1192 0'
3610 1142 3673 1195 si-

2183 1232 2413 1302 gniﬁcat.
2457 1233 2517 1283 Οἱ
2561 1233 2610 1282 Δ¹
2648 1240 2820 1284 autem
2865 1245 2969 1284 non
3016 1228 3310 1298 significare
3354 1227 3602 1297 Tetrapla,
3628 1241 3675 1284 ut

2185 1322 2483 1390 suspicatur
2509 1321 2732 1374 Brianus
2763 1320 3042 1372 Waltonus
3069 1319 3120 1370 in
3151 1317 3467 1386 Appendice,
3496 1334 3546 1386 p.
3575 1319 3674 1381 125,

2187 1411 2298 1479 ipse
2333 1409 2586 1464 articulus
2608 1409 2813 1477 probat.
2847 1406 3127 1475 Nunquam
3158 1407 3296 1460 enim
3323 1405 3513 1460 dicitur
3536 1409 3678 1460 Οἱτεο

2186 1497 2424 1568 τραπλοί,
2452 1499 2511 1549 Οἱ
2541 1496 2775 1562 ἐξαπλοῖ,
2807 1496 2897 1548 sed
2925 1497 2989 1548 τὰ
3017 1495 3318 1564 Τετραπλᾶ,
3359 1495 3424 1547 τὰ
3453 1494 3678 1559 Ἐξαπλᾶ.

2187 1587 2350 1655 Igitur
2384 1584 2826 1653 quemadmodum
2843 1586 2889 1636 οἱ
2916 1585 2987 1647 I",
3006 1585 3053 1636 ot
3079 1585 3251 1653 Τρεῖς,
3281 1584 3329 1636 id
3351 1595 3450 1646 est,
3469 1582 3590 1637 Tres
3615 1587 3682 1637 ia-

2191 1685 2446 1744 terpretes,
2466 1676 2543 1728 sic
2566 1684 2708 1737 nota,
2737 1677 2782 1726 οἱ
2811 1678 2884 1734 Δ’,
2910 1677 2956 1726 οἱ
2978 1675 3262 1744 Τέτταρες,
3287 1672 3516 1738 Quatuor
3549 1679 3686 1728 inter-

2188 1776 2351 1835 pretes
2394 1766 2676 1834 signiﬁcat,
2722 1775 2775 1820 et
2802 1765 3038 1833 quidem,
3078 1773 3137 1818 ut
3159 1771 3361 1819 certum
3397 1763 3610 1829 videtur,
3636 1779 3688 1820 eo

2119 1838 2165 1896 Β
2194 1871 2298 1925 quo
2324 1870 2484 1923 supra
2507 1855 2738 1907 diximus
2767 1853 2944 1907 modo.

2258 1947 2322 1999 Π.
2359 1945 2479 1998 Haec
2500 1944 2668 1997 littera
2696 1944 2959 2014 signiﬁcat
2985 1944 3210 2004 πάντες,
3227 1942 3277 1995 id
3306 1949 3404 2006 est,
3436 1956 3608 1996 omnes
3627 1942 3695 1995 in-

2190 2044 2442 2104 terpretes
2475 2049 2615 2102 :qua
2657 2033 2722 2086 de
2748 2047 2806 2086 re
2841 2033 2985 2085 nulla
3036 2032 3148 2100 jam
3208 2041 3387 2100 potest
3431 2045 3542 2085 esse
3579 2030 3694 2085 ditii—

2191 2126 2392 2188 cultas;
2450 2122 2708 2192 siquidem
2769 2122 2859 2174 ubi
2902 2122 3071 2176 codex
3113 2120 3420 2175 Basiliensis
3449 2121 3493 2172 II
3544 2120 3696 2183 habet,

2191 2214 2549 2276 Coislinianus
2575 2213 2774 2281 passim
2805 2213 3003 2273 πάντες
3027 2226 3281 2279 expresse
3305 2211 3478 2265 refert.
3501 2209 3702 2264 Joannes

2192 2304 2470 2358 Curterius
2500 2287 2815 2356 Przefatione
2840 2302 2893 2354 in
2918 2300 3241 2369 Procopium
3273 2309 3422 2368 putat
3448 2299 3699 2370 legendum

2191 2395 2484 2464 Πάμφιλος,
2526 2393 2850 2461 Pamphilus,
2886 2406 3096 2460 nempe
3125 2402 3329 2461 martyr
3361 2391 3447 2450 ille
3482 2391 3703 2460 quicum

2192 2485 2420 2540 Eusebio
2471 2483 2717 2552 llexaplis
2744 2482 3100 2536 emendandis
3132 2491 3186 2535 et
3217 2482 3708 2536 illustrandisvaca-

2192 2575 2286 2628 vit.
2335 2574 2399 2627 Et
2444 2573 2654 2642 quidem
2708 2587 2902 2640 negare
2953 2586 3060 2625 non
3116 2572 3294 2625 ausim
3340 2571 3478 2625 hanc
3505 2570 3708 2624 litteram

2191 2663 2464 2733 Pamphilo
2497 2662 2774 2716 indicando
2802 2677 3192 2728 nonnunquam
3232 2661 3576 2730 deputari,-ut
3618 2660 3708 2730 Ὠρ.

2196 2755 2461 2820 Origenem
2506 2751 2796 2820 significat;
2837 2750 2933 2804 sed
2987 2751 3197 2804 nullum
3247 2751 3423 2805 adhuc
3458 2764 3519 2804 ea
3559 2749 3619 2803 de
3667 2765 3713 2801 re

2192 2844 2528 2913 perspicuum
2575 2840 2877 2908 exemplbm
2917 2841 3159 2895 occurrit
3201 2840 3357 2906 mihi,
3397 2839 3714 2908 quamobrem

2193 2933 2363 2987 resin
2386 2930 2547 2984 dubio
2570 2939 2837 2985 versatur.

2259 3029 2398 3096 Πχω
2417 3008 2554 3096 veli
2729 3043 2814 3089 ου,
2847 3027 3048 3096 saepius
3105 3043 3234 3082 vero
3272 3027 3466 3097 legitur
3497 2998 3599 3080 πξιν
3641 3041 3718 3095 pro

2193 3119 2260 3171 Π.
2292 3116 2381 3169 Hae
2409 3124 2547 3169 nota:
2598 3130 2836 3183 persaepe
2888 3127 3192 3171 occurrunt
3242 3119 3299 3172 in
3351 3118 3443 3172 lib.
3468 3116 3631 3171 Judic.
3671 3114 3718 3168 ad

2199 3219 2365 3272 marg.
2414 3201 2757 3266 cod..-Basil.,
2790 3213 2850 3255 et
2891 3205 3189 3273 aliquando
3243 3207 3325 3260 sic
3363 3205 3641 3277 6twpﬁ.-ou.
3670 3205 3718 3255 ll.

2197 3309 2291 3360 χω.
2324 3305 2442 3358 qua:
2477 3289 2740 3343 interdum
2773 3292 3121 3360 conjunctim
3147 3293 3339 3362 posita:
3367 3301 3511 3356 sunt,
3541 3308 3638 3347 non
3662 3291 3718 3343 in-

2195 3380 2495 3448 frequenter
2519 3380 2675 3432 etiam
2701 3391 3054 3448 separantur.
3090 3383 3294 3438 Earum
3318 3399 3481 3454 porro
3504 3384 3718 3451 interpre

2196 3471 2444 3523 tationem
2475 3469 2830 3538 coniectando
2863 3472 3121 3528 dedimus
3150 3475 3204 3528 in
3231 3485 3358 3529 nota
3380 3477 3444 3529 ad
3466 3474 3638 3538 Jud.1,
3663 3472 3715 3525 ti

2197 3562 2268 3615 ita
2296 3569 2354 3614 ut
2377 3541 2504 3628 διῶρ
2531 3559 2792 3628 signiﬁcet
2827 3562 3142 3633 διώρθωσα,
3175 3567 3468 3629 emendavi,
3517 3581 3618 3635 quo
3660 3580 3714 3633 pa

2196 3663 2282 3704 cto
2309 3649 2498 3718 legitur
2542 3649 2593 3702 in
2625 3650 2878 3719 margine
2919 3654 3130 3709 codicis
3156 3655 3276 3709 RR.
3297 3656 3416 3711 PP.
3437 3656 3718 3712 Jesuitarur

2194 3734 2382 3790 Ezech.
2428 3751 2541 3804 cap.
2571 3752 2688 3802 XLV,
2728 3753 2801 3801 -v,
2852 3740 2944 3806 12,
3003 3742 3080 3796 ita
3112 3751 3170 3797 ut
3208 3745 3359 3799 nulla
3391 3746 3535 3799 circa
3586 3754 3717 3797 nota:

2194 3825 2331 3879 hanc
2367 3823 2644 3879 difﬁcultas
2676 3841 2980 3894 superesse
2999 3831 3269 3895 videatur,
3286 3850 3356 3884 ou
3389 3833 3646 3902 signiﬁcet
3671 3828 3718 3881 οὗ

2194 3931 2316 3977 τως,
2353 3915 2447 3966 sic.
2489 3912 2584 3967 Ubi
2617 3919 2770 3969 notes
2803 3915 3010 3986 διωρθ.
3051 3934 3454 3991 nonnunquam
3479 3921 3608 3991 poni
3651 3920 3718 3975 sin

2193 4005 2476 4074 subjuncto
2510 4021 2567 4056 ou
2589 4020 2602 4034 ο
2635 4019 2989 4074 perspectum
3019 4025 3154 4065 vero
3190 4013 3327 4065 mihi
3353 4012 3562 4066 videtur
3584 4007 3718 4080 8ttupi

2195 4114 2274 4149 ou.
2325 4094 2630 4164 signiﬁcare
2680 4094 2979 4167 διώρΘωσα
3026 4099 3230 4170 οὕτως,
3277 4104 3547 4158 emendavi
3584 4104 3673 4168 sic,
3712 4119 3718 4150 ι

2197 4202 2312 4254 ο³Ρο
2346 4201 2420 4250 Kl,
2446 4187 2498 4253 Ῡ·
2545 4185 2632 4250 δέ,
2660 4185 2851 4258 διωρθ,
2874 4190 3167 4263 ἀγαπητὴ,
3194 4196 3489 4260 emendavi,
3507 4195 3718 4262 ἀγαπηττ

2196 4275 2402 4340 dilecta,
2445 4275 2567 4343 quia
2601 4274 2750 4342 prius
2785 4277 3080 4348 legebatur
3115 4285 3440 4355 μονογενής,
3491 4284 3718 4354 ιιηὶρεηὶιι

2198 4361 2329 4417 Nota
2361 4376 2487 4415 vero
2521 4363 2565 4414 Π
2589 4363 2858 4432 signiﬁcat
2891 4366 3042 4421 haud
3065 4371 3236 4424 dubie
3266 4374 3488 4437 πάντες,
3507 4387 3672 4425 omnes
3694 4370 3718 4422 ii

583 4457 953 4518 diversam,et
996 4451 1134 4506 LXX
1163 4467 1283 4506 cum
1333 4451 1450 4505 aliis
1494 4451 1702 4504 duobus
1736 4451 2093 4516 con-veniunt,
2128 4467 2171 4520 ι)
2200 4461 2461 4521 terpretes,
2502 4461 2559 4504 ut
2599 4467 2662 4504 ex
2695 4457 3038 4522 supradictis
3080 4459 3378 4530 liquidum
3426 4473 3512 4519 est
3547 4480 3560 4516 :
3593 4477 3684 4532 χω,

583 4556 712 4601 tunc
763 4549 810 4599 ot
862 4545 913 4597 I"
973 4543 1270 4612 signiﬁcare
1311 4547 1532 4608 possunt
1561 4539 1696 4592 LXX
1730 4551 1782 4593 et
1809 4541 1947 4594 duos
1965 4540 2097 4594 alios

585 4637 820 4691 eamdem
839 4634 1114 4689 lectionem
1133 4633 1414 4694 habentes;
1433 4631 1571 4699 quod
1590 4641 1909 4699 postremum
1925 4639 2099 4686 tamen

585 4728 914 4796 exploratum
935 4724 1108 4777 adhuc
1135 4737 1242 4775 non
1274 4729 1374 4775 est.
1399 4719 1622 4774 Brianus
1647 4719 1928 4775 Waltonus
1951 4728 2101 4789 putat

589 4827 763 4868 notam
820 4816 868 4867 οἱ
909 4815 959 4865 l"
990 4813 1124 4867 alios
1163 4822 1286 4865 ares
1339 4811 1649 4878 interpretes
1697 4811 1950 4874 indicare,
1980 4826 2099 4865 .non

591 4900 852 4966 Aquilam,
892 4898 1116 4969 Symm.,
1164 4907 1216 4952 et
1253 4896 1551 4962 'Theodot.,
1589 4901 1681 4954 sed
1727 4915 1792 4953 ne
1841 4900 2101 4969 probabili

590 4990 797 5058 quidem
832 4991 1038 5044 ratione
1063 4991 1272 5056 ductus,
1297 4999 1355 5044 ut
1385 4990 1518 5045 infra
1545 4993 1870 5062 probabitur.

657 5077 718 5127 Οἱ
747 5077 818 5137 Δν,
851 5077 1086 5141 Quatuor
1121 5078 1452 5148 interpretes.
1497 5079 1619 5136 Haec
1667 5091 1790 5136 nota
1829 5081 2104 5138 aliauoties

591 5165 820 5219 occurrit
856 5166 907 5217 in
947 5164 1157 5231 Hesaia,
1195 5177 1252 5222 ut
1287 5183 1401 5237 cap.
1451 5185 1524 5232 ιχ,
1565 5172 1616 5239 ᾗ.
1653 5172 1737 5234 1-4,
1781 5171 1869 5224 ubi
1898 5171 1967 5224 ad
1995 5171 2107 5224 haec

590 5255 847 5307 Hebraica
871 5255 1049 5318 verba,
1067 5265 1233 5316 278T!
1256 5269 1369 5322 κτι,
1399 5259 1588 5327 legitur
1618 5260 1756 5328 apud
1787 5259 2104 5323 Curterium,

593 5342 652 5395 υἱ
681 5343 750 5404 Δ’,
781 5339 935 5402 αὑτός
958 5344 1183 5413 κεφαλή,
1206 5347 1292 5399 ubi
1323 5349 1374 5400 in
1398 5346 1534 5399 LXX
1561 5345 1808 5401 editionis
1831 5344 2106 5410 Romanae,

591 5431 722 5498 αὕτη
749 5431 781 5498 ἡ
809 5429 967 5498 ἀρχή.
1013 5428 1110 5482 Hic
1143 5441 1318 5486 autem
1359 5436 1420 5487 Οἱ
1451 5437 1501 5486 A'
1534 5450 1638 5489 non
1666 5433 1850 5488 dubito
1880 5433 2006 5500 quin
2037 5433 2110 5485 si-

587 5523 837 5592 gniﬁcent
866 5530 1092 5587 quatuor
1107 5521 1316 5578 Graecos
1337 5525 1648 5596 interpretes
1664 5527 1756 5595 qui
1774 5525 1827 5577 in
1862 5523 2108 5592 Hexaplis

586 5620 738 5665 erant
755 5623 942 5678 nempe
963 5610 1049 5676 A.,
1068 5610 1147 5676 Σ.,
1169 5613 1244 5674 0',
1268 5613 1330 5666 Θ.
1357 5613 1530 5669 Altera
1560 5630 1683 5669 vero
1707 5613 1881 5676 lectio,
1913 5611 2046 5682 αὕτη
2075 5614 2107 5681 ἡ

589 5702 743 5768 eam.
782 5705 893 5750 erat
917 5696 1013 5768 τῆς
1049 5699 1263 5771 Κοςνῆς,
1289 5714 1380 5754 seu
1403 5699 1634 5770 Vulgata
1663 5700 1928 5756 editionis.
1956 5697 2108 5767 Nam,

2195 4553 2293 4611 est,
2321 4552 2380 4597 ut
2417 4557 2634 4622 prorsus
2673 4546 2958 4612 existimo,
3009 4553 3210 4622 χωρίς,
3253 4556 3566 4622 separatim.
3621 4553 3690 4606 lta

2197 4634 2278 4688 ha:
2318 4645 2454 4688 nota:
2480 4619 2607 4700 διῶρ
2635 4649 2718 4697 ου,
2744 4634 2816 4686 Π.
2844 4655 2952 4706 χω,
2975 4640 3098 4696 sive
3119 4644 3488 4713 coniunctim,
3514 4647 3625 4701 sive
3644 4658 3718 4712 se;

2198 4723 2353 4776 ratim
2384 4722 2588 4790 positae,
2623 4721 2940 4790 signiﬁcent
2987 4733 3274 4786 emendavi
3308 4734 3409 4801 sic,
3442 4750 3618 4788 omnes
3639 4747 3718 4800 sep

2199 4814 2374 4876 ratim,
2401 4813 2581 4876 id-est,
2610 4827 2802 4868 omnes
2835 4816 3180 4888 interpretes
3224 4825 3528 4896 separatim
3572 4832 3718 4896 speet:

2201 4904 2278 4958 sic
2299 4903 2510 4956 habent.
2536 4901 2653 4954 Dixi
2686 4901 2740 4953 in
2768 4913 2903 4958 nota
2928 4905 3062 4963 Jud.
3100 4927 3229 4983 cap.
3257 4932 3297 4982 ι,
3333 4919 3389 4986 ᾖ.
3415 4918 3506 4984 14,
3537 4915 3718 4971 edition

2205 4993 2484 5062 separatim
2517 4992 2599 5045 vel
2645 4995 2884 5049 seorSim
2921 4999 3168 5068 positas,
3210 5022 3324 5062 non
3355 5023 3454 5066 eas
3501 5008 3718 5080 signiﬁca

2202 5097 2318 5151 qua:
2351 5081 2402 5134 in
2434 5080 2680 5150 Hexaplis
2722 5085 2925 5149 posita:
2949 5101 3138 5158 erant,
3182 5096 3280 5151 ubi
3316 5099 3536 5169 aliquot
3570 5099 3718 5153 ferta:

2206 5170 2528 5260 mutationes
2564 5171 2789 5260 invectae
2815 5173 3081 5248 fuerant,
3122 5185 3222 5239 sed
3252 5201 3354 5245 eas
3385 5205 3512 5260 qua:
3545 5203 3718 5260 separa

2205 5259 2440 5350 in-‘libris
2465 5257 2746 5350 descriptae
2770 5277 2972 5331 erant;
3003 5285 3208 5327 verum
3241 5292 3304 5331 re
3336 5257 3652 5350 diligentius
3677 5292 3718 5331 ei

2205 5347 2440 5440 minata,
2455 5347 2802 5404 verisimilius
2843 5368 2973 5410 esse
3003 5370 3146 5428 puto
3177 5379 3278 5421 eas
3304 5347 3465 5438 ipsas
3480 5384 3604 5440 quae
3622 5369 3673 5422 in
3704 5363 3718 5419 1

2208 5437 2379 5504 xaplis
2411 5437 2687 5506 descriptae
2710 5451 2880 5496 erant
2913 5445 3009 5502 hic
3039 5451 3306 5512 indicari.
3330 5437 3443 5518 Vix
3468 5437 3614 5516 enim
3632 5474 3717 5515 cre

2206 5538 2330 5620 rem
2346 5523 2592 5580 librarios
2620 5533 2673 5579 et
2691 5525 3041 5591 scholiastas
3068 5543 3169 5610 qui
3205 5550 3524 5616 notas.i|las
3551 5548 3717 5620 margi‘

2207 5611 2292 5704 lca
2319 5613 2647 5678 invexerunt,
2695 5624 2908 5683 prater
2959 5625 3244 5704 Hexapla,
3301 5611 3636 5698 adimanum
3659 5611 3718 5695 eti

2211 5701 2460 5760 habuisse
2493 5705 2762 5762 editiones
2802 5724 3106 5781 separatas
3131 5701 3560 5805 ‘distinctasque
3599 5731 3718 5802 Aqu'
