3878 6364
114 377 302 442 ιο9

1466 389 1530 441 ΙΝ
1568 385 1880 441 ιιΕχΑΡιΑ
1917 379 2250 438 OBlGENlS.

3347 389 3443 444 H0

91 485 476 583 Sl'ﬂmacm
513 494 583 583 ,ει
623 482 1074 583 Iheo‘jummis'
1145 495 1375 558 Vocem
1446 515 1622 561 autem
1693 525 1794 575 χω·
1822 510 1868 562 Δ
1894 501 2079 568 Αίιιιὶιιι
2105 553 2110 558 ,
2135 498 2216 550 vel
2271 477 2666 583 Sym'fmdms}
2719 494 2798 548 "91
2829 495 3116 558 Theodotio
3157 519 3274 556 cum
3302 504 3438 559 LXX

83 576 210 682 θές,
249 618 295 643 η
318 576 597 645 separatim,
623 576 752 630 ideo
776 582 1144 646 apposuisse
1171 593 1444 650 videntur
1467 609 1524 652 ut
1544 599 1797 652 editiones

78 670 246 756 ἔην
279 686 303 723 s
326 671 661 736 interpretum
695 670 1149 742 distinguerent
1185 700 1222 738 a
1259 689 1588 747 lectionibus
1614 707 1797 746 eorum

100 937 498 1019 m(nimicum
561 952 691 991 cum
747 939 851 994 illa
925 943 1092 1002 LXX
1158 952 1525 1026 lnterpretum
1576 959 1804 1014 editione

115 1029 554 1122 ﬁ“geminatur
581 1046 596 1080 :
623 1029 765 1122 illud
792 1047 936 1087 vero
969 1035 1100 1105 jam
1142 1047 1306 1112 quasi
1332 1061 1428 1114 pro
1455 1059 1598 1100 certo
1630 1056 1683 1101 et
1709 1064 1802 1100 ex-

128 1119 404 1210 “orato
440 1119 629 1210 habeo.
689 1119 770 1174 Ut
827 1125 900 1178 ad
963 1134 1334 1198 supradictas
1393 1146 1546 1190 notas
1593 1138 1802 1190 redeam

143 1230 226 1283 ιω
249 1211 333 1263 41.
359 1226 394 1271 ι,
418 1226 467 1262 v.
485 1209 705 1304 il,gulii
735 1212 796 1304 in
835 1225 1005 1270 textu
1037 1221 1247 1288 legitur
1270 1225 1718 1295 ὲκληρονόμησαν,
1751 1226 1801 1278 in
1851 1287 1860 1304 Δ

154 1335 199 1371 m
221 1304 444 1368 grgine
484 1301 695 1384 codicis
732 1303 1086 1365 Basiliensis
1119 1313 1317 1381 legitur
1348 1315 1564 1384 ὲξῇραν,
1599 1326 1652 1369 et
1683 1333 1802 1369 mox

173 1394 457 1463 aﬂjicitur
478 1378 609 1458 πᾶν,
634 1394 694 1447 id
719 1403 837 1459 est,
864 1414 1054 1454 omnes
1081 1404 1160 1456 sic
1178 1378 1388 1466 habent,
1414 1378 1605 1475 ξξῇραν
1624 1407 1806 1460 videli-

183 1508 246 1544 ω
261 1499 328 1546 ι,
349 1495 395 1537 et
419 1485 494 1539 sic
526 1501 673 1554 saepe
714 1487 836 1541 πᾶν
872 1492 1065 1545 solum
1089 1496 1329 1561 ponitur.
1360 1495 1424 1548 Et
1445 1512 1495 1549 v.
1519 1497 1607 1558 27,
1639 1498 1726 1549 ubi
1751 1499 1802 1550 in

191 1582 368 1628 testu
396 1572 712 1629 Basiliensis
756 1577 973 1646 legitur
1006 1580 1194 1651 ἐξῇρε,
1251 1584 1302 1636 in
1341 1599 1508 1652 marg.
1561 1585 1801 1648 habetur,

198 1664 637 1734 ἐκληρονόμησε,
655 1681 791 1720 cum
815 1669 1120 1738 subjuncta
1143 1682 1288 1737 nota,
1308 1690 1461 1726 παντ.
1480 1692 1573 1742 χω.
1592 1675 1805 1738 πάντες

201 1756 418 1820 χυμς,
440 1770 545 1823 qua
575 1757 937 1826 signiﬁcatur
963 1776 1159 1816 omnes
1189 1762 1499 1830 interpretes
1524 1766 1802 1831 separatim

200 1843 244 1895 in
311 1846 573 1900 coiumnis
611 1849 739 1902 suis
791 1859 1092 1917 spectatos,
1136 1852 1556 1921 ἐκληρονόμησεν
1594 1855 1805 1920 habere,

194 1942 238 1986 et
323 1936 394 1990 sic
437 1937 743 1992 identidem
777 1941 978 1994 eadem
1011 1952 1135 1994 nota
1167 1959 1320 1996 παντ.
1355 1962 1450 2012 χω.
1487 1945 1715 2012 ponitur.
1747 1947 1810 2002 Et

191 2037 347 2093 cap.
390 2043 451 2087 ll,
494 2044 547 2078 ν.
576 2030 634 2092 9,
695 2028 755 2081 in
797 2039 953 2083 textu
985 2030 1226 2098 ejusdem
1271 2031 1470 2086 codicis
1510 2033 1718 2102 legitur,
1757 2038 1810 2086 ὲν

184 2112 603 2188 Θιμναθαρές,
630 2120 730 2172 ubi
758 2120 827 2172 ad
862 2120 1160 2188 marginem
1187 2119 1406 2172 habetur
1449 2121 1604 2175 πάντ.
1635 2140 1715 2174 ου.
1745 2123 1812 2175 ἐν

179 2206 626 2274 θαμναθαρές,
676 2225 808 2277 quae
838 2218 986 2262 certe
1010 2210 1142 2262 nihil
1179 2209 1320 2262 aliud
1359 2210 1656 2276 signiﬁcare
1689 2228 1811 2280 pos-

177 2309 270 2346 ειι
301 2306 354 2348 ιιι
380 2313 548 2365 quam
583 2314 791 2352 omnes
831 2299 912 2352 sic
943 2299 1142 2352 habere
1183 2301 1238 2351 ἐν
1268 2299 1634 2370 Θαμναθαρὲς.
1672 2301 1813 2355 Lon-

175 2400 288 2448 ge
313 2387 652 2442 dilﬁciliores
692 2388 972 2455 explicati:
1007 2396 1134 2440 sunt
1159 2389 1274 2442 alite
1296 2399 1432 2442 nota:
1464 2391 1583 2442 eod.
1609 2405 1725 2458 cap.
1759 2407 1808 2454 v,

179 2475 319 2539 l5,
343 2477 432 2530 ubi
459 2478 525 2530 ad
558 2477 726 2538 illud,
759 2477 840 2546 τῷ
865 2477 1035 2538 Βαάλ,
1057 2478 1248 2546 legitur
1273 2479 1372 2532 hac
1396 2477 1582 2532 forma.

851 2568 912 2620 ϐ’.
949 2567 1045 2636 τῷ.
1073 2569 1118 2619 ὁ.
1151 2571 1238 2637 τῇ.

852 2659 902 2711 ό.
939 2677 1039 2727 χω.
1069 2658 1122 2711 θ.
1148 2677 1228 2710 ου.

309 2748 407 2802 Ubi
442 2751 596 2818 prior
635 2760 772 2804 nota
819 2752 966 2804 haud
999 2751 1158 2804 dubie
1193 2750 1454 2819 signiﬁcat
1495 2751 1812 2806 Theodotio-

173 2852 358 2892 nam
379 2841 579 2910 legere,
604 2842 687 2910 τῷ
715 2843 892 2907 Βαάλ,
919 2841 1058 2894 LXX
1093 2857 1218 2895 vero
1245 2845 1308 2911 τῇ
1342 2843 1501 2894 Βαάλ.
1526 2842 1658 2897 Nota
1687 2859 1812 2897 vero

178 2942 470 2996 sequens
501 2946 630 2998 qum
653 2932 739 2985 sic
767 2932 1066 2998 exponitur
1096 2935 1156 2982 0.
1187 2931 1370 3001 χωρίς.
1400 2931 1442 2983 θ’
1472 2932 1658 2995 οὕτως,
1684 2934 1812 3000 quid

179 3034 206 3069 ε
227 3019 347 3070 ibi
373 3021 498 3072 velit
522 3035 634 3074 non
659 3021 804 3074 satis
835 3020 1100 3089 intelligo.
1134 3018 1256 3074 Ηεεο
1285 3035 1412 3072 vero
1453 3030 1577 3072 nota
1613 3022 1810 3090 passim

1900 597 2195 644 consonant
2223 597 2276 641 et
2317 577 2614 672 lectionem
2643 577 2836 642 habent
2863 596 3094 647 eamdem
3128 608 3244 660 quae
3274 595 3324 644 in
3359 603 3438 647 te-

1900 688 1992 732 xtu
2022 678 2125 730 τῶν
2157 680 2212 730 0'
2244 675 2466 745 legitur,
2503 677 2557 714 HI
2585 673 2822 740 margine
2852 681 3098 733 scribitur
3128 682 3188 732 A.
3223 681 3282 732 τὸ
3310 679 3433 744 ἔσω,

1901 771 1958 821 Σ.
1995 769 2051 820 τὸ
2098 768 2222 831 ἔσω,
2257 767 2309 820 id
2340 770 2450 826 est,
2483 757 2674 824 Aquila
2705 765 2784 816 vel
2825 767 3170 837 Symmachus
3209 770 3434 836 idipsum

1903 858 2119 922 habent,
2167 857 2309 925 quod
2357 855 2509 907 intus
2537 847 2647 902 sive
2675 851 2726 903 in
2758 863 2897 908 textu
2935 858 3139 925 legitur.
3177 855 3437 911 Peculiari

1903 958 2077 999 autem
2104 947 2260 1001 modo
2284 951 2506 997 notatur
2540 937 2711 1008 lReg.
2747 960 2868 1007 xxv,
2895 946 2979 1011 51,
3009 947 3095 998 ubi
3130 945 3347 1000 Coislin.
3384 946 3434 997 in

1904 1043 2049 1086 textu
2082 1035 2191 1088 τῶν
2213 1036 2286 1100 0',
2314 1019 2611 1105 βδέλυγμός
2641 1031 2710 1085 ita
2741 1035 2950 1100 punctis
2981 1044 3217 1087 notatum
3247 1035 3432 1096 habet;

1903 1122 1954 1174 in
1977 1124 2212 1192 margine
2233 1139 2350 1178 vero
2371 1125 2436 1176 A.
2468 1120 2528 1174 Θ.
2553 1120 2613 1172 τὸ
2635 1121 2758 1184 ἔσω,
2791 1123 2840 1175 id
2867 1132 2970 1190 est,
2993 1122 3183 1190 Aquila
3203 1132 3252 1174 ct
3273 1121 3437 1175 Theo-

1903 1211 2047 1264 dotio
2081 1215 2272 1267 habent
2304 1229 2363 1268 ea
2409 1227 2530 1282 qua:
2553 1212 2712 1273 intus,
2748 1212 2858 1264 sive
2897 1213 2947 1263 in
2985 1222 3124 1264 textu
3151 1220 3293 1272 sunt,
3326 1226 3432 1262 non

1903 1309 2080 1354 notata
2103 1304 2332 1371 punctis,
2359 1317 2548 1371 nempe
2575 1303 2794 1372 λυγμὸς.
2831 1300 2894 1354 Et
2921 1316 3043 1354 vere
3075 1301 3161 1353 alii
3183 1316 3312 1354 mss.
3343 1301 3436 1353 ha-

1903 1390 2027 1444 bent
2061 1395 2125 1445 Α.
2155 1393 2216 1446 Θ.
2250 1393 2469 1463 λυγμός,
2505 1393 2780 1462 singultus.

1977 1463 2084 1601 (β,
2114 1505 2318 1562 Hesaite
2345 1522 2452 1571 xiv,
2477 1522 2526 1558 ν.
2549 1506 2600 1567 6,
2631 1513 2684 1558 et
2715 1502 2838 1556 alibi
2861 1517 2998 1571 saepe
3030 1501 3291 1572 signiﬁcat
3313 1498 3434 1555 Ori-

1903 1595 2081 1668 genes,
2128 1608 2186 1652 ut
2244 1598 2475 1651 diximus
2541 1596 2948 1665 Palwographia:
3000 1595 3193 1649 (ἔνατα)
3219 1609 3269 1662 p.
3309 1595 3437 1662 225.

1903 1689 2135 1745 Joannes
2161 1689 2437 1744 Curterius
2463 1689 2604 1741 illam
2632 1688 2817 1756 siglam
2843 1687 3104 1754 expressit
3153 1702 3248 1754 per
3293 1686 3434 1740 litte-

1905 1795 2018 1833 ram
2058 1782 2118 1844 Φ,
2150 1781 2291 1848 quod
2323 1789 2501 1832 notam
2529 1777 2726 1832 codicis
2754 1776 3116 1834 Marchaliani.
3153 1791 3293 1828 nunc
3322 1773 3434 1830 RR.

1911 1869 2011 1922 PP.
2035 1869 2376 1933 Jesuitarum,
2407 1883 2510 1921 non
2538 1869 2868 1937 intelligeret.
2889 1865 3021 1920 Nam
3051 1866 3122 1920 ibi
3149 1866 3226 1920 sic
3255 1877 3436 1920 notata

1911 1958 2209 2027 depingitur
2239 1967 2428 2010 uteam
2465 1957 2550 2010 hic
2575 1955 2956 2024 expressimus.

1975 2032 2038 2101 ἁῖῧ
2063 2049 2438 2117 ἀνεπίγραφος.
2476 2046 2622 2100 lianc
2653 2055 2833 2100 notam
2885 2046 3248 2114 apponendam
3281 2047 3441 2100 duxi-

1910 2153 2049 2201 mus,
2077 2139 2200 2207 quia
2225 2138 2484 2202 Nobilius,
2511 2153 2573 2190 ac
2605 2147 2724 2206 post
2743 2152 2864 2191 eum
2906 2137 3129 2192 Drusius
3160 2140 3438 2192 existima-

1910 2235 2055 2291 runt,
2098 2228 2183 2281 hic
2210 2229 2497 2298 ἁνέσπερον
2526 2227 2828 2294 signiﬁcari,
2863 2242 3084 2295 esseque
3121 2244 3312 2282 nomen
3346 2245 3442 2283 cu-

1909 2315 2117 2382 jusdam
2141 2318 2441 2385 interpretis
2470 2318 2552 2370 vel
2573 2317 2893 2381 scholiastaa,
2917 2332 3074 2386 quem
3109 2318 3437 2386 Anesperum

1910 2417 2121 2462 vocant.
2152 2407 2425 2476 Signiﬁcat
2450 2416 2624 2460 autem
2658 2408 2973 2474 Anonymus,
3005 2408 3085 2460 vel
3122 2407 3187 2460 ad
3213 2408 3438 2460 litteram

1909 2497 2319 2564 Anapigraphus,
2377 2495 2486 2548 sive
2530 2496 2639 2547 sine
2683 2496 2906 2546 auctoris
2965 2497 3252 2564 epigiaphe.
3309 2495 3439 2550 Vide

1910 2584 2066 2638 Num.
2092 2599 2207 2652 cap.
2247 2599 2390 2647 χχιχ,
2418 2584 2472 2649 ᾗ.
2498 2582 2582 2634 16.
2614 2581 2681 2635 Ut
2707 2593 2881 2634 autem
2911 2582 3049 2634 scias
3079 2591 3331 2648 quantam
3353 2597 3439 2635 er-

1910 2691 2090 2728 rorum
2127 2675 2312 2728 silvam
2360 2676 2472 2726 haac
2501 2680 2623 2724 nota
2657 2671 2734 2723 sic
2764 2671 2933 2738 posita
2964 2673 3242 2738 pepererit,
3273 2687 3440 2740 pauca

1911 2765 2206 2818 exscribam
2237 2778 2299 2817 ex
2335 2762 2676 2815 adnotatione
2696 2759 2923 2828 quadam
2953 2770 3136 2814 nostra
3174 2761 3224 2813 in
3257 2763 3441 2815 codice

1911 2853 2255 2916 Coisliniano,
2273 2865 2492 2905 numero
2517 2851 2566 2902 5.
2597 2849 2790 2902 Eodem
2811 2849 2862 2902 in
2887 2850 3089 2915 codice,
3117 2851 3206 2919 qui
3235 2859 3317 2903 est
3341 2850 3444 2902 Ca-

1911 2952 2031 2997 tena
2079 2945 2132 2996 in
2163 2941 2473 3002 Leviticum,
2517 2937 2796 3002 Numeros,
2836 2939 3446 3007 etc.,imperituslibra-

1916 3034 2027 3086 rius
2048 3033 2138 3100 qui
2164 3032 2404 3085 codicem
2435 3029 2666 3098 scripsit,
2700 3030 2840 3081 illam
2887 3036 3064 3080 notam
3119 3029 3170 3080 in
3205 3029 3440 3094 amigra-

184 3111 537 3175 τερειῑιυτε
571 3110 719 3164 forte
748 3110 1026 3177 significat
1057 3109 1398 3178 Septuaginta
1436 3111 1732 3177 separatim.
1765 3120 1810 3162 ει
1840 3122 1879 3175 c
1916 3123 2019 3189 pho
2045 3136 2142 3174 suo
2165 3121 2368 3184 videns,
2399 3119 2688 3187 saepissime
2718 3119 2841 3187 legit
2873 3116 3126 3178 Ἀνεσίου,
3158 3117 3445 3182 aliquando

193 3196 650 3253 T’heodotionem
707 3200 982 3252 similiter.
1035 3200 1214 3252 Altera
1239 3208 1361 3252 nota
1399 3199 1684 3265 saepissime
1719 3215 1811 3253 oc-

195 3289 437 3350 currit,
475 3305 669 3358 nempe
713 3293 778 3342 Ο.
818 3288 870 3341 Θ.
904 3305 1005 3356 χω,
1038 3288 1089 3340 id
1126 3297 1206 3340 est
1248 3285 1386 3338 LXX
1427 3296 1480 3340 et
1523 3287 1814 3342 Theodotio

207 3378 532 3444 separatim
557 3380 639 3432 sic
659 3379 890 3431 habent.
917 3375 984 3428 Et
1001 3390 1118 3443 cap.
1155 3391 1228 3435 iv,
1252 3390 1301 3427 ν.
1329 3375 1382 3435 5,
1407 3375 1495 3428 ubi
1513 3376 1700 3444 legitur
1719 3377 1813 3445 τῆς

208 3461 468 3536 Βαιθήλ,
488 3469 539 3520 in
572 3469 826 3535 margine
854 3465 1117 3532 scriptum
1148 3473 1265 3517 est:

892 3555 992 3623 τῆς
1027 3555 1054 3606 ό
1086 3554 1113 3604 ό
1143 3571 1202 3605 ου

923 3644 1136 3712 ὁδ’χω

329 3734 552 3789 Primam
587 3751 720 3790 vero
767 3742 960 3788 notam
991 3734 1070 3787 sic
1099 3734 1214 3801 lego
1247 3734 1308 3784 O.
1342 3733 1401 3783 0.
1436 3731 1624 3795 οὕτως,
1657 3732 1706 3785 id
1735 3741 1815 3785 est

203 3829 478 3891 utraque
533 3825 700 3878 editio
748 3823 863 3874 τῶν
895 3823 972 3883 0',
1010 3835 1199 3887 nempe
1223 3820 1389 3888 Κοινή
1437 3829 1489 3871 et
1519 3819 1816 3886 hexaplaris

198 3909 338 3964 Sic
359 3913 564 3975 habent,
590 3914 714 3981 τῆς.
737 3912 928 3964 Altera
952 3923 1080 3962 vero
1098 3917 1218 3962 nota
1246 3909 1306 3958 Ο.
1341 3907 1390 3958 Θ.
1424 3906 1582 3975 χωρίς
1614 3906 1816 3973 signiti-

194 4007 362 4063 ρει,
416 4003 465 4054 ni
515 4001 697 4066 fallor,
753 3997 903 4052 LXX
949 3999 1260 4065 separatim,
1309 3996 1359 4048 id
1393 4005 1473 4048 est
1506 3994 1720 4064 Κοινήν,
1765 4005 1815 4048 et

194 4083 674 4146 'Iheodotionem
703 4094 762 4144 in
789 4105 892 4144 sua
931 4089 1206 4150 columna,
1243 4086 1530 4154 separatim
1559 4086 1704 4148 item,
1739 4087 1816 4140 sic

190 4169 464 4235 habere.
495 4181 815 4250 Aliquando
855 4180 938 4233 sic
965 4179 1285 4232 ordinantur
1317 4176 1622 4244 huiusmodi
1655 4185 1812 4240 notae,

193 4276 322 4321 ..ιι
337 4268 531 4338 (Edipo
564 4285 798 4338 prorsus
821 4277 1036 4336 egeant,
1067 4277 1124 4319 ut
1147 4280 1263 4332 cap.
1294 4281 1368 4329 ιν,
1396 4280 1445 4316 v.
1480 4264 1564 4327 12,
1584 4265 1635 4317 in
1671 4273 1812 4318 textu

197 4352 560 4414 msiliensis
592 4360 793 4428 legitur
813 4361 915 4420 εἰς,
948 4357 1005 4409 in
1044 4357 1289 4425 margine
1315 4369 1437 4408 vero
1473 4355 1561 4411 ἐπί
1601 4364 1651 4410 et
1671 4365 1814 4425 post-

202 4461 327 4500 ea
354 4450 747 4517 subiunguntur
781 4457 925 4501 nota:
953 4447 1058 4500 hoc
1081 4447 1188 4499 situ
1211 4463 1224 4499 :

854 4536 921 4590 θ’.
955 4554 1050 4604 χω.
1089 4537 1150 4588 0.
1183 4552 1244 4587 ou

849 4627 896 4678 ὀ.
929 4626 995 4678 θ’.
1023 4626 1133 4677 ἀπὸ

935 4716 980 4766 0'
1009 4731 1094 4766 ου.

340 4807 397 4860 Ut
412 4819 582 4862 autem
608 4807 998 4870 concludatur,
1024 4806 1144 4858 haec
1165 4820 1274 4859 uno
1299 4807 1459 4860 verbo
1473 4807 1663 4869 dicam,
1691 4811 1816 4858 nota

241 4884 357 4952 iiii:
377 4901 506 4954 haud
535 4899 700 4952 dubie
732 4896 1054 4965 signiﬁcare
1074 4893 1306 4957 videtur,
1331 4893 1620 4965 διώρθωσα,
1649 4908 1816 4947 corre-

263 4993 345 5053 .ri,
366 4991 640 5052 emendavi,
665 4997 725 5041 ut
751 4986 1013 5053 exemplo
1039 4985 1444 5051 comprobatur,
1470 5002 1531 5037 ου
1551 4987 1731 5049 οὕτως
1752 4983 1819 5036 si-

284 5078 326 5129 bi
350 5081 468 5134 velle
491 5081 581 5133 vix
609 5088 692 5134 est
711 5077 863 5146 quod
891 5074 1190 5129 dubitetur
1217 5087 1280 5126 ex
1311 5074 1644 5140 supradictis;
1677 5065 1779 5130 πᾶν
1800 5117 1814 5140 ,

283 5168 432 5238 idest,
457 5170 778 5232 certissime,
809 5164 1070 5227 πάντες,
1098 5169 1162 5214 ut
1193 5161 1440 5228 exemplis
1460 5161 1819 5231 frequentibus

278 5261 522 5327 arguitur;
552 5277 632 5329 χω
657 5273 768 5311 non
805 5256 1037 5308 videtur
1066 5251 1220 5304 aliud
1245 5265 1395 5318 quam
1419 5268 1589 5318 χωρις
1613 5254 1818 5322 signia-

275 5363 378 5402 care
400 5364 568 5417 posse.
595 5347 807 5400 Harum
844 5354 985 5394 vero
1013 5347 1280 5391 notarum
1302 5352 1426 5391 usus
1455 5353 1636 5394 omnes
1657 5343 1818 5410 expli-

268 5452 390 5501 care,
421 5438 586 5491 donec
607 5434 740 5503 quid
772 5429 992 5485 clarius
1027 5433 1296 5493 emergat,
1330 5426 1561 5482 humanae
1593 5445 1696 5483 non
1732 5432 1817 5483 vi-

263 5526 396 5578 detur
418 5541 534 5579 esse
563 5520 880 5576 facultatis.

316 5613 382 5666 Τδ
403 5614 525 5665 ἔσω.
555 5611 737 5675 Hujus
769 5612 926 5658 notae
959 5614 1114 5652 usus
1144 5601 1452 5667 conspicuus
1477 5613 1554 5658 est
1580 5605 1630 5659 in
1661 5606 1814 5658 codi-

263 5701 648 5758 wCoisliniano
675 5693 926 5764 egregia:
970 5697 1131 5740 notae
1171 5703 1205 5740 ι
1238 5689 1420 5756 saeculi,
1473 5694 1553 5747 ubi
1594 5695 1817 5764 quando

1927 3211 2205 3279 Ἀνέμπηυ,
2265 3210 2390 3261 item
2445 3208 2781 3277 Ἀναπέμπη,
2828 3207 2950 3259 alibi
2993 3203 3243 3267 Ἀνοσίου,
3276 3205 3439 3257 semel

1924 3301 2252 3362 Ἀθανασίου,
2281 3298 2564 3367 aliquando
2585 3299 2740 3353 etiam
2766 3308 2903 3350 recte
2935 3297 3319 3364 ἁνεπιγράφου,
3356 3311 3441 3348 se-

1913 3388 2014 3441 mel
2036 3388 2161 3441 item
2195 3386 2459 3438 Συνεσίου.
2495 3385 2614 3439 Haec
2635 3401 2792 3454 porro
2825 3394 2944 3437 nota
2977 3393 3155 3437 nostra
3185 3383 3444 3438 asseritur

1912 3494 1974 3532 ex
2003 3479 2280 3531 collatione
2315 3479 2533 3532 alterius
2561 3478 2774 3535 Catenae
2802 3478 3038 3544 ejusdem
3085 3476 3441 3542 bibliotheca,

1913 3571 2003 3623 ubi
2024 3570 2086 3623 ad
2109 3570 2314 3638 singula
2342 3585 2500 3638 supra
2523 3579 2812 3624 memorata
2828 3569 3039 3622 nomina
3068 3568 3255 3636 legitur
3277 3568 3441 3621 ἀνεῂ

1916 3663 1964 3716 id
1989 3671 2087 3724 est,
2111 3664 2493 3732 ἀνεπιγράφου.

1982 3753 2114 3804 ΔΥΝ
2147 3753 2422 3818 διάλειψις,
2472 3753 2605 3804 ΔΥΝ
2636 3754 2946 3814 ἀνάπαυσις.
2997 3751 3085 3806 Sic
3139 3753 3330 3822 legitur
3382 3753 3434 3805 in

1914 3841 2148 3908 margine
2175 3841 2368 3894 codicns
2419 3839 2728 3894 Coisliniani
2782 3841 2946 3893 Levit.
3004 3855 3139 3903 xxv,
3207 3840 3278 3906 6,
3322 3854 3442 3908 quae

1913 3932 2202 3997 respiciunt
2228 3945 2406 3982 vocem
2424 3940 2554 3987 mw
2570 3969 2583 3990 .
2608 3931 2658 3981 in
2677 3928 2815 3981 LXX
2843 3943 3150 3996 expressam
3169 3927 3438 3990 Σάϐϐατα,

1916 4014 2165 4071 Sabbata.
2229 4017 2329 4070 Vix
2371 4028 2540 4086 potest
2575 4019 2894 4086 deprehendi
2935 4032 3002 4070 an
3058 4015 3336 4084 legendum
3370 4023 3441 4065 st

1914 4109 2068 4169 ΔΥΗ,
2108 4108 2190 4161 vel
2213 4109 2366 4170 ΔΥΝ,
2397 4108 2487 4161 sed
2531 4125 2634 4161 non
2663 4109 2841 4162 dubito
2873 4108 2998 4176 quin
3045 4106 3322 4174 legendum
3371 4107 3442 4158 sit

1914 4197 2066 4259 ΔΥΝ,
2105 4205 2157 4249 et
2185 4197 2506 4266 signiﬁcetur
2529 4197 2765 4250 δύναται.
2806 4194 2878 4248 lla
2912 4203 2970 4247 ut
2993 4194 3105 4248 haec
3141 4205 3282 4255 nota,
3321 4206 3441 4260 quin

1914 4288 2126 4355 respicit
2161 4302 2342 4340 vocem
2366 4297 2514 4350 nnw,
2539 4288 2616 4342 sic
2651 4289 2880 4356 legatur,
2905 4286 3140 4347 δύναται,
3161 4283 3437 4352 διὰλειψις,

1912 4378 2146 4437 δύναται,
2183 4380 2496 4441 ἀνάπαυσις,
2524 4379 2573 4431 id
2602 4387 2702 4441 est,
2725 4395 2822 4431 vox
2853 4378 3119 4430 Σάϐϐατον
3155 4377 3287 4432 eam
3329 4377 3442 4429 sive

1843 4451 1886 4505 Ῑ)
1913 4469 2191 4538 signiﬁcat,
2231 4470 2477 4530 cessatio,
2501 4480 2547 4521 et
2579 4470 2836 4538 signiﬁcat
2882 4468 3108 4536 requies.

2358 4557 2417 4610 ll.
2447 4559 2520 4612 De
2549 4560 2680 4612 notis
2710 4559 3002 4626 incognitis.

1983 4650 2020 4725 β.
2074 4628 2169 4726 rh
2229 4649 2282 4706 ῒί.
2322 4649 2443 4704 Haec
2493 4659 2614 4702 nota
2673 4649 2932 4716 reperitur
2980 4646 3080 4698 Joh
3125 4658 3240 4709 cap.
3308 4656 3435 4701 xvn,

1919 4750 1968 4816 ᾖ.
2000 4749 2052 4806 5.
2091 4749 2144 4800 in
2183 4745 2363 4800 codice
2398 4739 2724 4803 Colbertino,
2765 4753 2912 4791 num.
2941 4736 3095 4799 1952,
3130 4735 3217 4786 ubi
3251 4732 3313 4785 al
3337 4731 3439 4784 hos

1918 4848 2145 4908 quatuor
2177 4832 2485 4896 versiculos,

2051 4930 2144 5003 ἐἰς
2173 4929 2328 5003 ἐστιν.
2339 4922 2581 5003 ρῦτοςιτῇ
2605 4924 2741 5003 χξιρξ
2773 4938 2869 5003 μου
2895 4917 3209 5003 σξινξεθήτω,

2053 4986 2170 5049 "Din.
2197 4995 2416 5064 καρδίαν
2448 4986 2879 5064 estnimiruqu
2919 4986 3023 5064 ᾲπὺ
3045 4986 3367 5055 φρονήσεως.

2052 5067 2150 5118 Διὰ
2175 5055 2326 5117 more
2349 5065 2408 5115 οὐ
2441 5062 2512 5130 μὴ
2543 5055 2756 5130 big/iber};
2786 5055 2998 5130 ᾳὺτούς.

2054 5136 2131 5205 Τῇ
2161 5133 2330 5204 μερίδι
2359 5125 2666 5196 ἀνάγῨέλλει
2695 5125 2884 5186 κακίας
2911 5141 2924 5152 ·

1915 5248 2030 5301 haec
2057 5245 2373 5298 adnotantur
2404 5241 2470 5305 χ
2501 5239 2562 5288 ὲκ
2605 5235 2656 5288 Θ.
2690 5235 2735 5286 οἱ
2768 5235 2807 5289 δ’
2829 5274 2842 5296 ,
2889 5235 2940 5290 id
2973 5241 3090 5298 est,
3137 5233 3190 5285 hi
3227 5241 3448 5302 quatuor

1919 5336 2113 5402 στίχοι
2150 5348 2236 5384 seu
2270 5325 2505 5380 versiculi
2534 5337 2595 5375 ea:
2624 5320 3008 5386 Theodotione;
3041 5320 3234 5374 deinde
3266 5317 3451 5386 adjici-

1916 5435 2004 5480 tur
2035 5422 2072 5495 βι
2105 5402 2186 5491 rﬁ
2225 5418 2334 5486 Ex
2367 5431 2414 5467 c.
2437 5417 2500 5478 >κ
2527 5414 2590 5476 Χ
2615 5409 2734 5462 Haec
2766 5423 2944 5465 autem
2970 5409 3270 5479 signiﬁcare
3301 5419 3453 5474 pror-

1919 5531 2011 5570 sus
2049 5515 2292 5567 videntur
2318 5505 2469 5575 μόνος
2495 5501 2624 5572 πρὸς
2648 5499 2896 5566 πρῶτον,
2924 5503 3061 5553 solus
3097 5495 3161 5548 ad
3209 5497 3452 5562 primum.

1922 5606 1973 5659 id
2005 5613 2104 5664 est,
2143 5601 2371 5669 primum
2425 5590 2740 5662 versiculum
2793 5605 2861 5644 ex
2924 5584 3286 5642 Theodotione
3335 5577 3450 5629 solo

1923 5695 2258 5761 desumptum
2315 5695 2465 5745 esse;
2515 5677 2702 5732 deinde
2764 5678 3064 5734 secundum
3137 5669 3353 5722 tertium
3403 5671 3452 5718 ei
