3878 6402
486 371 579 426 ill

482 583 724 656 i_demque
754 584 884 631 usus
902 576 1205 645 hujusmodi
1240 585 1484 630 notarum
1515 577 1639 630 alibi
1670 576 1829 629 etiam
1860 589 2010 642 repe-

481 673 632 724 ritur.
666 666 787 720 Haec
823 680 982 734 porro
1014 666 1101 718 vix
1132 664 1403 733 quidpiam
1446 664 1768 719 diﬁicultatis
1814 666 2009 718 habere

479 761 803 821 viderentur,
843 757 887 810 si
909 764 1181 810 constaret
1210 770 1525 824 semperque
1559 756 1697 808 idem
1739 763 1875 809 esset
1909 755 2007 806 ha-

476 862 659 903 rumce
688 856 935 901 ιιοιεπιιῐη
961 861 1091 899 usus
1123 867 1134 900 ἒ
1167 860 1349 899 verum
1384 860 1488 899 11011
1516 844 1587 897 ita
1613 858 1699 897 1‘85
1729 852 1843 907 ρεις
1884 858 2007 896 nam

475 936 572 992 Job
606 953 696 1000 xx,
729 937 818 1000 23,
854 937 907 989 in
934 937 1045 989 haec
1069 936 1246 999 verba,
1273 934 1436 996 εἴπως
1452 933 1729 1005 πληρῶσαι
1749 933 2006 1001 γαστέρα,

473 1044 688 1092 notatur
718 1036 768 1087 in
795 1036 976 1088 eodem
1002 1035 1182 1088 codice
1198 1034 1259 1087 ϐ’.
1280 1036 1345 1100 Βε(
1371 1028 1408 1103 εἳ
1444 1004 1538 1102 τὴ
1589 1034 1706 1086 ἀντὶ
1734 1033 1824 1084 τοῦ
1840 1033 2003 1094 ὅπως,

472 1138 580 1192 quo
619 1122 905 1191 signiﬁcari
928 1123 1141 1189 quidem
1158 1121 1367 1173 videtur
1392 1120 1562 1174 solum
1588 1117 2006 1172 Theodotionem

475 1217 668 1269 habere
693 1213 875 1277 εἴπως,
895 1223 946 1266 et
975 1212 1162 1265 iudein
1197 1210 1333 1263 LXX
1360 1211 1624 1263 invectum
1647 1208 1846 1274 fuisse;
1876 1209 2008 1262 alios

473 1294 648 1367 autem
672 1313 815 1374 ὅπως
841 1312 1012 1379 legere
1038 1328 1052 1375 ;
1081 1310 1172 1363 sed
1202 1318 1327 1362 nota
1357 1281 1521 1379 sm
1562 1309 1688 1377 quid
1737 1308 1836 1361 sibi
1884 1308 2010 1362 velit

476 1421 580 1459 non
619 1406 691 1458 ita
722 1403 878 1457 facile
903 1402 1258 1455 estdivinare.
1314 1399 1438 1452 Plus
1484 1400 1643 1451 etiam
1690 1397 1887 1466 negotii
1930 1396 2008 1449 fa—

474 1497 635 1549 cessit
669 1495 773 1548 alia
798 1502 919 1547 nota
944 1492 1044 1546 Job
1070 1506 1186 1560 cap.
1225 1490 1415 1557 κυνὶ.
1453 1489 1543 1553 21,
1577 1489 1628 1540 in
1669 1488 1828 1542 hosce
1869 1487 2005 1541 duos

473 1585 761 1640 versiculos
794 1600 809 1635 :

544 1676 663 1726 Ὀτι
699 1674 759 1725 τὸ
782 1672 904 1741 θέλη
914 1687 989 1740 μα.
1017 1668 1191 1741 αξέδτοῦΔ
1210 1667 1418 1741 ὲνῌοὶξκῳ
1445 1664 1605 1741 apro?)
1638 1663 1750 1733 μετ’
1776 1662 1937 1715 αὐτοῦ

542 1744 651 1796 Καὶ
677 1735 903 1812 ἀριθμοῖ
915 1735 1102 1809 ’μηνῶν
1134 1736 1295 1789 αὐτοῦ
1321 1735 1659 1807 διῃρέθησαν.

1778 362 2281 420 PRELIMlNARIA

481 502 731 560 quartum
769 487 1068 557 Symmachi
1107 485 1302 554 pariter
1336 494 1388 539 et
1419 483 1801 540 Theodotionis
1836 499 1953 540 esse
1983 502 1997 537 :
2030 490 2071 544 Α
2100 482 2149 533 1"
2171 495 2329 550 quam
2361 495 2387 532 a
2420 495 2477 532 sc
2500 478 2719 533 invicem
2746 477 2974 532 diversi.
3022 474 3175 528 Dein
3222 483 3375 536 cap-

3463 494 3611 533 χιιι
3648 521 3668 546 ,
3711 485 3737 546 i

2107 499 2148 533 l'
2171 499 2329 550 quam
2361 499 2387 532 3
2420 499 2477 532 SC
2500 499 2719 533 lllYICClll
2746 499 2974 532 UIVCI'SI.
3022 499 3175 528 νεηι
3222 499 3375 536 ναν-
3464 499 3611 533 Χιιι
3648 521 3668 546 ,
3711 499 3745 551 γ

2107 573 2171 626 ad
2200 585 2380 627 vocem
2403 570 2687 630 ἀνατεῖλαι,
2713 583 2836 622 cum
2872 595 2938 622 -τ-
2967 567 3054 620 sic
3085 579 3152 618 se
3184 561 3399 614 habet
3479 584 3732 640 margo

2106 664 2158 713 1"
2182 659 2506 727 ἀναγγεῖλαι,
2539 658 2599 712 Θ.
2639 657 2955 726 βλαστῆσαι,
3005 655 3077 707 Α.
3129 647 3547 720 ἀναφυῆναι
3573 672 3592 687 ο
3640 675 3742 714 ,ιοἱ

2106 753 2218 806 haec
2256 760 2399 805 tanta
2429 760 2641 820 tamque
2661 750 2918 804 distincta
2951 740 3406 812 interpretatio
3422 762 3607 803 num
3650 768 3748 807 vai

2105 850 2205 906 tas,
2229 841 2537 893 varietatem
2557 838 3041 907 arguitauctorum
3064 833 3092 885 ?
3122 830 3453 898 Denique
3480 851 3645 905 cap.
3675 855 3748 893 ω

2104 932 2137 997 Ῡ
2167 929 2219 992 8,
2249 930 2312 982 ad
2352 942 2508 981 voces
2537 929 2583 979 εἰ
2616 928 2705 979 καὶ
2729 926 2832 981 sub
2864 938 2927 978 +
2958 936 3172 990 margo
3202 919 3293 973 sic
3332 918 3601 979 habet
3626 944 3646 981 :
3683 930 3754 1000 δι.

2103 1020 2149 1069 oi
2182 1020 2254 1081 1",
2280 1019 2326 1069 οἱ
2352 1021 2405 1069 0'
2426 1017 2479 1085 ἢ,
2510 1017 2652 1085 ὅμως
2683 1032 2743 1066 τε
2769 1016 2832 1067 Α.
2870 1014 2959 1074 Θ..
2997 1011 3157 1065 unde
3191 1017 3502 1063 constat.
3536 1015 3758 1085 Aqui]

2104 1106 2292 1158 saltem
2313 1114 2364 1158 et
2393 1103 2809 1157 Theodotionem
2840 1117 2948 1154 non
2986 1100 3188 1153 minus
3231 1096 3603 1158 diversos
3646 1121 3765 1161 ess

2104 1198 2213 1257 τοῖς
2236 1196 2287 1246 1"
2319 1210 2478 1263 quam
2505 1196 2553 1246 οἱ
2586 1198 2639 1245 0'
2668 1203 2811 1247 sunt.
2849 1191 3041 1261 (Forte
3061 1205 3167 1257 per
3189 1189 3247 1240 oi.
3278 1187 3337 1237 1"
3418 1199 3572 1246 tres
3632 1200 3766 1253 edi:

2106 1301 2212 1347 nes,
2243 1284 2477 1353 Origenis
2509 1286 2583 1337 vel
2614 1283 2822 1336 Eusebii
2852 1280 3110 1346 Luciani,
3165 1288 3222 1332 et
3249 1277 3635 1350 Heaychr’i
3673 1291 3772 1345 dei

2105 1375 2322 1445 tantur.)

2172 1469 2443 1524 Hactenus
2475 1469 2702 1523 Brianus
2729 1467 3039 1521 Waltonus.
3062 1465 3185 1520 Sed
3222 1480 3415 1521 cum
3460 1477 3776 1546 perspici

2103 1575 2168 1614 ac
2196 1560 2329 1613 bene
2357 1560 2540 1612 multis
2571 1558 2826 1626 exemplis
2860 1556 3311 1625 probaverimus
3408 1563 3483 1614 οξ
3562 1566 3636 1618 Γισ
3691 1572 3775 1626 ni,

2104 1646 2248 1699 aliud
2284 1646 2585 1714 signiﬁcare
2627 1661 2788 1714 quam
2837 1645 3098 1713 Aquilam
3124 1685 3141 1709 ,
3198 1641 3759 1714 Syrtinlachum

2102 1734 2542 1796 Theodotionem.
2591 1736 2731 1789 dicet
2782 1735 2922 1789 haud
2978 1735 3159 1788 dubie
3216 1748 3318 1787 eru
3343 1742 3561 1796 ditus
3632 1748 3746 1800 lec

543 1850 643 1905 Ubi
672 1851 864 1919 legitur
896 1850 947 1902 in
980 1849 1176 1919 eodem
1209 1846 1393 1901 codice
1422 1848 1487 1912 >ί<
1522 1845 1584 1895 ἐκ
1610 1844 1672 1896 θ’.
1713 1845 1761 1894 οἱ
1794 1844 1836 1912 β’
1868 1842 2007 1895 οὕτω

2147 1826 2263 1879 liam
2280 1825 2528 1879 Waltono
2550 1827 2893 1895 quaerendam
2923 1825 3106 1880 fuisse
3138 1824 3636 1882 difﬁcultatum
3671 1850 3734 1886 ει

472 1949 565 2003 τοῦ
610 1918 741 2001 9.0:.
763 1918 1014 2017 Ἰὼτῇ
1080 1948 1141 1997 ὲκ
1162 1944 1252 1997 τοῦ
1292 1940 1800 2013 Ἐ6ραϊκοῦ.Τίγὰρ
1831 1938 2014 2010 χρῄζει

474 2040 570 2108 τῆς
594 2038 766 2098 οἰκίας
796 2035 955 2088 αὐτοῦ
993 2033 1105 2104 μεθ’
1132 2032 1341 2087 ἑαυτοῦ.
1371 2031 1498 2096 Quae
1527 2030 1704 2083 omnia
1733 2030 1887 2098 quasi
1919 2031 2013 2081 ha-

473 2127 718 2181 riolando
761 2126 832 2179 ibi
882 2125 1147 2193 explicare
1187 2123 1365 2176 conati
1406 2135 1632 2184 sumus;
1681 2120 1771 2173 sed
1803 2119 1915 2172 haec
1945 2119 2011 2172 ad

475 2218 739 2284 specimen
779 2213 1068 2269 sufﬁciant.
1849 2241 1865 2256 ι

545 2308 604 2358 Οἱ
631 2306 691 2356 ι’.
722 2308 831 2373 χδς.
865 2302 986 2357 Haec
1014 2314 1137 2356 nota
1172 2303 1396 2354 habetur
1435 2301 1486 2352 in
1533 2299 1716 2353 codice
1756 2299 1870 2352 RR.
1904 2299 2006 2353 PP.

474 2396 797 2450 Jesuitarum
828 2394 1014 2462 colleg.
1052 2392 1305 2446 Ludovici
1335 2392 1530 2460 Magni,
1558 2392 1651 2459 qui
1681 2392 1850 2444 codex
1883 2405 2008 2458 pro-

476 2489 664 2554 phetas
688 2487 921 2539 minores
944 2494 998 2538 et
1037 2490 1223 2551 postea
1269 2482 1502 2550 majores
1532 2480 1918 2548 complectitur.
1951 2478 2007 2531 in

476 2579 613 2628 hanc
634 2575 791 2643 igitur
824 2587 1029 2634 vocem,
1056 2556 1226 2633 317:5,
1257 2570 1453 2622 Thren.
1485 2586 1522 2632 1,
1563 2569 1616 2630 8,
1664 2584 1823 2637 quam
1869 2566 2007 2619 LXX

476 2668 552 2728 εἰς
575 2665 727 2717 σάλον
753 2669 981 2725 vertunt,
1011 2661 1090 2713 sic
1110 2668 1321 2712 notatur
1346 2658 1407 2712 C.
1428 2660 1476 2709 οἱ
1498 2658 1554 2710 Γ.
1587 2663 1675 2726 χδς
1697 2658 2005 2713 ἀνάστατον.

482 2756 537 2806 Si
570 2761 671 2807 stet
709 2752 795 2806 illa
818 2751 971 2806 lectio
1003 2753 1128 2818 χός,
1172 2749 1249 2810 εἰς
1284 2745 1586 2816 ἀμηχανίαν
1629 2761 1785 2813 agor;
1826 2759 2007 2797 verum

480 2852 612 2913 puto
642 2843 729 2896 hic
752 2846 842 2910 χδς
874 2854 969 2909 pro
1009 2839 1117 2908 χῶς
1147 2838 1278 2904 legi,
1321 2845 1374 2889 et
1416 2836 1515 2888 hac
1553 2849 1683 2887 voce
1723 2833 2007 2902 signiﬁcari

477 2932 670 3000 χωρίς,
703 2937 860 2998 atque
888 2930 959 2981 ita
1008 2941 1198 2981 sensus
1235 2925 1338 2978 erit
1365 2922 1766 2995 Symmachum,
1804 2923 1895 2991 qui
1921 2938 2007 2976 so-

478 3025 561 3077 lus
582 3024 634 3076 in
674 3019 900 3075 Threnis
937 3034 1059 3073 cum
1092 3016 1232 3070 LXX
1288 3017 1342 3069 in
1393 3013 1643 3083 Hexaplis
1677 3013 1744 3066 ab
1779 3010 2007 3079 Origene

477 3112 681 3165 locatus
705 3107 896 3173 fuerat,
929 3114 986 3160 ut
1018 3120 1174 3174 supra
1200 3105 1453 3169 diximus,
1481 3103 1676 3156 habere
1691 3101 2001 3165 ἀνάστατον,
2030 3133 2074 3193 C

477 3212 530 3256 ct
582 3211 688 3256 tres
727 3200 1042 3267 interpretes
1092 3196 1392 3265 separatim,
1442 3202 1496 3248 et
1542 3201 1691 3247 extra
1740 3191 2000 3259 Hexapla,

438 3340 449 3348 .
479 3308 668 3357 nempe
694 3291 939 3360 Aquilam
980 3298 1031 3343 et
1062 3287 1442 3359 Symmachum
1481 3295 1533 3339 et
1566 3284 2006 3345 Theodotionem,

476 3385 716 3439 eamdem
747 3381 996 3451 praeferre
1017 3379 1321 3434 lectionem.

550 3467 696 3531 οηῶο
740 3469 770 3528 ιε
808 3476 868 3528 0.
914 3471 1034 3526 Haec
1078 3470 1162 3524 vel
1204 3466 1394 3523 similis
1441 3465 1540 3535 ipsi
1576 3470 1700 3516 nota
1750 3460 2010 3530 signiﬁcat

477 3569 673 3637 ὁμοίως
716 3569 823 3630 τοῖς
850 3566 924 3629 0',
955 3575 1116 3632 quam
1163 3574 1284 3613 cum
1334 3571 1442 3610 non
1492 3554 1806 3623 intelligeret
1851 3550 2005 3605 Joan.

479 3659 774 3722 Cuiterius,
799 3657 940 3726 ὅμως
968 3670 1026 3706 τε
1055 3654 1107 3704 0'
1127 3649 1237 3704 fere
1262 3661 1469 3717 semper
1489 3644 1634 3714 legit.

484 3767 575 3823 111.
613 3766 868 3822 Probatur
906 3772 1085 3817 contra
1127 3760 1373 3814 Brianum
1409 3755 1711 3811 Waltonum
1761 3764 1933 3807 notam
1960 3756 2007 3806 οἱ

557 3836 609 3890 Γ¹
638 3836 931 3905 εὲῃηὶῇεατε
959 3844 1064 3905 tres
1114 3824 1410 3896 iiiterpretes
1457 3825 1718 3895 Aquilam,
1772 3823 2012 3893 Symma-

549 3902 705 3961 chuni
720 3902 783 3959 et
801 3902 1213 3957 Theodotionem.

546 3998 772 4052 Brianus
802 3994 1078 4048 Waltonus
1105 3992 1158 4043 in
1187 3988 1473 4059 Appendice
1521 3984 1779 4055 Pulyglot.
1827 3980 2009 4051 Angli-

481 4106 623 4153 can.,
651 4103 703 4157 p.
737 4086 857 4149 125,
911 4082 1165 4151 exemplis
1196 4080 1418 4148 probare
1467 4076 1653 4129 nititur
1682 4076 1729 4126 οἱ
1764 4074 1839 4135 1",
1890 4085 2010 4139 qua

485 4174 910 4245 frequentissime
942 4172 998 4225 in
1037 4169 1218 4224 codice
1261 4164 1659 4228 Marcbaliano,
1706 4176 1849 4216 nunc
1889 4158 2005 4213 RR.

481 4263 585 4318 PP.
607 4262 949 4323 .lesuitarum,
977 4255 1229 4318 occurrit,
1263 4270 1372 4309 non
1401 4251 1705 4321 signiﬁcare
1734 4249 2005 4319 Aquilam,

482 4349 860 4421 Symmachum
889 4354 942 4399 et
971 4343 1426 4404 Theodotionem;
1470 4338 1587 4407 ejus
1619 4335 1780 4391 verba
1810 4333 2009 4389 referre

482 4456 549 4495 ne
573 4452 854 4510 gravemur
883 4452 898 4490 :
1343 4437 1350 4444 ‘

544 4550 576 4582 .r
608 4531 670 4583 Οἱ
696 4529 770 4591 1",
800 4527 889 4596 qui
922 4525 1079 4579 toties
1103 4527 1390 4575 occurrunt
1438 4520 1490 4572 in
1535 4517 1772 4588 margine
1808 4516 2008 4571 codicis

481 4619 846 4681 Marchaliani,
873 4630 977 4669 non
1005 4614 1253 4667 videntur
1280 4610 1444 4664 fuisse
1489 4608 1678 4677 Aquila
1701 4647 1716 4673 ,
1765 4607 2009 4677 Symma-

484 4711 618 4763 chus
653 4716 707 4761 et
740 4703 1054 4766 Theodotio,
1085 4701 1225 4769 quod
1255 4697 1525 4752 nonnullis
1581 4697 1788 4749 visum:
1848 4695 2009 4764 idque

486 4800 658 4868 primo
687 4797 809 4866 quia
852 4792 1056 4847 Hesaia:
1099 4807 1153 4855 ι,
1202 4788 1290 4853 29,
1332 4787 1396 4839 ad
1435 4800 1614 4839 vocem
1666 4785 1890 4852 Ἀγγαί,
1925 4799 2010 4839 se-

486 4888 713 4958 paratim
740 4887 791 4939 hi
815 4899 1001 4939 omnes
1037 4892 1089 4935 et
1121 4879 1369 4934 distincte
1418 4876 1774 4940 adducuntur,
1802 4876 1908 4929 imo
1956 4882 2009 4929 et

485 4976 830 5031 diversimode
885 4975 1308 5041 interpretantes.
1365 4968 1425 5021 Θ.
1456 4982 1587 5022 vero
1625 4967 1895 5035 signauter
1943 4980 2007 5020 eo

484 5068 588 5123 loci
617 5066 893 5134 κατάδυμα
932 5064 1151 5117 vertisse
1191 5061 1402 5125 dicitur,
1437 5059 1578 5128 quod
1615 5055 1895 5126 κατάλυμα
1932 5058 2009 5110 lc-

485 5159 713 5227 gendum
746 5154 941 5222 potius,
973 5152 1059 5206 cui
1105 5166 1228 5205 mox
1260 5149 1541 5219 apponitur
1572 5149 1716 5216 ὂμως
1761 5149 1809 5198 οἱ
1842 5147 1915 5199 1".
1947 5147 2012 5199 At

484 5260 612 5300 vero
630 5245 675 5298 si
702 5240 829 5295 dicti
853 5241 1007 5293 modo
1032 5242 1343 5311 interpretes
1361 5239 1516 5291 iidem
1542 5248 1720 5292 essent
1740 5238 1831 5306 qui
1857 5239 1905 5289 οἱ
1936 5237 2008 5302 1",

485 5343 629 5391 certe
654 5330 795 5401 quod
829 5329 1166 5397 subjungitur
1193 5330 1337 5398 ὅμως
1365 5330 1413 5380 οἱ
1447 5328 1498 5379 1"
1533 5343 1638 5382 non
1687 5329 1864 5381 minus
1913 5342 2013 5380 nu-

485 5422 685 5495 gaciter
714 5430 767 5472 et
798 5417 971 5485 inepte
996 5416 1295 5481 adderetur,
1341 5432 1499 5486 quam
1552 5418 1596 5471 si
1635 5417 1757 5487 quis
1792 5417 2010 5480 diceret,

484 5511 698 5573 Clotho,
753 5505 1010 5560 Lachesin
1056 5512 1109 5558 et
1139 5507 1373 5575 Atropon
1400 5546 1415 5569 ,
1472 5507 1751 5560 imminere
1798 5505 2013 5559 stamini

484 5604 605 5657 vitae
636 5601 901 5661 humanae,
926 5594 1053 5665 quin
1083 5595 1239 5648 etiam
1267 5600 1319 5649 et‘
1348 5605 1456 5651 tres
1494 5595 1685 5650 Parcas
1716 5596 1814 5649 hoc
1840 5596 2013 5664 ipsum

485 5692 657 5747 facere
693 5708 707 5745 :
746 5688 962 5742 fuerunt
1000 5699 1128 5755 ergo
1156 5684 1245 5740 alii
1267 5692 1319 5739 et
1341 5685 1452 5753 alii,
1496 5701 1603 5740 non
1633 5687 1811 5741 minus
1837 5700 1864 5739 a
1901 5686 2011 5747 τοῖς

2034 4450 2083 4508 D

2108 1930 2228 1968 rum
2254 1915 2594 1979 solutionem,
2619 1923 2670 1968 et
2690 1915 2891 1969 frustra
2908 1929 3202 1984 pugnasse
3229 1915 3515 1971 doctum
3560 1920 3728 1974 viru

2108 2014 2287 2059 notam
2311 2006 2359 2057 οἱ
2388 2005 2439 2055 1"
2459 2004 2594 2057 alios
2622 2020 2653 2057 a
2680 2005 2996 2058 memoratis
3020 2005 3394 2074 interpretes
3418 2009 3544 2063 vel
3578 2022 3740 2065 auc:

2108 2109 2194 2148 res
2216 2093 2531 2160 signiﬁcare.

2174 2184 2267 2236 llla
2297 2199 2422 2237 vero
2458 2192 2582 2236 nota
2609 2185 2657 2234 ot
2703 2183 2755 2235 1"
2793 2198 2898 2237 non
2957 2183 3012 2236 in
3061 2184 3271 2239 codice
3326 2185 3742 2243 Marchalia

2099 2280 2311 2325 tantum
2343 2273 2615 2336 occurrit,
2664 2272 2759 2327 sed
2800 2272 2963 2326 etiam
2998 2273 3058 2326 iu
3112 2273 3251 2328 aliis
3301 2279 3746 2333 vetustissin

2105 2364 2410 2428 codicibus,
2449 2368 2513 2417 ad
2564 2365 2728 2421 libros
2790 2364 3028 2417 maxime
3079 2361 3433 2431 Iudicum,
3518 2369 3748 2440 Begu:

2104 2451 2438 2506 Psalmorum
2465 2462 2516 2506 et
2535 2451 2922 2520 Prophetarum
2954 2454 3247 2509 omnium.
3291 2454 3406 2509 Ex
3458 2457 3579 2513 bis
3624 2475 3750 2528 por

2104 2543 2255 2597 libris
2287 2542 2526 2611 exempla
2550 2542 2939 2607 mutuabimur,
2964 2558 3092 2612 qua:
3128 2545 3285 2598 nihil
3324 2545 3573 2612 dubii,
3614 2560 3693 2606 ut
3725 2567 3754 2605 ε

2104 2633 2294 2693 bitror,
2328 2631 2645 2699 relinquant.

2169 2720 2293 2774 Jud.
2355 2735 2473 2787 cap.
2523 2735 2573 2781 ι,
2619 2719 2708 2781 '51,
2750 2719 2842 2771 ubi
2896 2718 3253 2777 Hebraicum
3324 2725 3562 2782 habet
3622 2712 3758 2788 99:1

2104 2809 2267 2863 editio
2298 2808 2537 2862 Romana
2569 2808 2822 2876 Δωμανὰ,
2847 2808 3252 2867 Coislinianus
3290 2819 3753 2873 vetustissim‘

2086 2901 2292 2961 ~codex,
2320 2898 2530 2966 septimi
2558 2898 2770 2953 circiter
2800 2901 3009 2965 saeculi,
3048 2902 3107 2956 in
3133 2910 3463 2978 margine
3507 2910 3723 2965 habet
3752 2919 3762 2958 t

2102 2986 2154 3038 1"
2180 2988 2269 3039 καὶ
2287 2988 2349 3070 τα
2389 2986 2665 3058 ’.Εὸραῖκὸν
2688 3026 2702 3052 ,
2738 2991 3006 3047 Νααιλάλ.
3068 2994 3143 3049 Et
3220 3012 3442 3053 versu
3519 3015 3755 3070 sequei

2104 3077 2265 3131 Hebr.
2302 3057 2639 3140 nbrm,LXX
2664 3079 2869 3149 Δαλάφ,
2897 3082 3134 3139 Coislin.
3170 3087 3240 3141 in
3270 3057 3738 3161 ωλι·ςίηεξοὶ

2105 3168 2195 3218 καὶ
2234 3165 2293 3217 τὸ
2340 3165 2653 3236 Ἐὅραῖκὸν,
2697 3169 2924 3225 Ἄαλάὅ.
2968 3172 3229 3237 Quinam
3317 3180 3426 3234 illi
3481 3184 3553 3234 oi.
3584 3181 3651 3233 Γ¹
3702 3182 3766 3235 ni

2105 3255 2319 3323 Aquila,
2348 3253 2702 3324 Symmachus
2730 3268 2782 3312 et
2808 3258 3161 3319 Theodotio?
3187 3272 3571 3336 quomodo
3600 3272 3671 3326 hi
3705 3281 3774 3326 tn

2103 3344 2277 3414 legere
2304 3345 2575 3414 potuerint
2600 3345 2698 3400 bas
2731 3363 2892 3404 voces
2922 3349 3297 3425 Hebra‘icas,
3334 3363 3472 3417 nisi
3511 3371 3592 3417 ut
3633 3376 3772 3431 supi

2102 3435 2351 3504 leguntur
2378 3440 2498 3502 post
2526 3443 2706 3489 notam
2735 3438 2782 3490 οἱ
2807 3439 2899 3492 1"?
2922 3439 3033 3494 Cur
3065 3459 3214 3501 vero
3244 3452 3699 3508 scholiasres
3735 3454 3779 3506 i1

2102 3523 2304 3578 codicis
2328 3522 2549 3578 Coislin.
2581 3532 2689 3578 tres
2723 3525 2845 3581 illos
2868 3528 3048 3584 claros
3092 3533 3267 3588 inter
3296 3551 3532 3609 pretes
3595 3542 3776 3597 omis.

2104 3614 2193 3676 rit,
2239 3628 2376 3682 quos
2425 3628 2564 3681 saepe
2615 3617 2910 3683 separatim
2943 3619 2999 3672 in
3050 3623 3373 3685 medium
3418 3633 3723 3693 adducit,
3768 3648 3780 3684 ι

2104 3712 2213 3758 tres
2254 3704 2388 3793 alias
2433 3704 2714 3768 editiones,
2749 3722 2871 3776 quae
2912 3726 3217 3780 nusquam
3294 3732 3421 3777 aut
3469 3724 3780 3793 separati!

2106 3801 2199 3847 aut
2218 3792 2544 3862 conjunctim
2566 3806 2937 3853 memorantur
2957 3801 3321 3867 adduceret
3339 3816 3371 3866 r
3399 3792 3600 3880 Quod
3622 3823 3782 3868 autei

2104 3888 2275 3957 magis
2303 3895 2453 3957 urget
2483 3887 2668 3941 eodem
2708 3904 2856 3958 cap.,
2888 3907 2942 3945 v.
2980 3894 3072 3949 55.
3106 3895 3228 3953 Ad
3297 3907 3427 3961 has
3484 3921 3679 3961 voces
3714 3903 3784 3958 Hi

2104 3977 2312 4032 braicas
2331 3961 2611 4041 subripui
2631 3963 2806 4065 τήνω
2828 3989 2978 4036 notat
2998 3982 3513 4063 Coislinianus,
3542 3997 3704 4051 011"
3731 4013 3784 4049 κι

2104 4066 2163 4118 τὸ
2204 4066 2512 4137 Ἐϐραῖκὸν,
2543 4067 2610 4120 ἐν
2644 4068 2838 4121 Αιλὼν
2884 4070 2981 4124 καὶ
3024 4072 3099 4124 ἐν
3144 4082 3621 4150 Σαλασειν;
3659 4085 3780 4139 Bas

2106 4155 2287 4209 liensis
2312 4169 2436 4208 vero
2462 4155 2627 4209 codex
2656 4166 3019 4225 pervetustus,
3056 4165 3126 4216 υἱ
3166 4167 3465 4241 λελιιηοι⁹
3502 4177 3589 4230 ἐν
3609 4174 3784 4229 Am

2106 4246 2202 4298 καὶ
2236 4245 2304 4296 ἐν
2333 4245 2637 4299 Σαλασείν.
2668 4243 2838 4301 Nemo
2866 4249 3148 4320 ambigere
3210 4276 3467 4332 potest
3503 4269 3560 4322 οι
3592 4267 3660 4319 1"
3692 4278 3749 4321 et
3776 4286 3784 4316 α

2107 4335 2279 4427 λοιποί
2304 4334 2699 4427 idipsumhesse
2729 4351 2744 4389 :
2773 4338 2820 4390 οἱ
2852 4338 3028 4393 λοιποί
3075 4356 3381 4424 autem,
3448 4373 3567 4415 seu
3617 4357 3784 4427 religi

2108 4425 2432 4521 interpretes,
2450 4434 2516 4521 ut
2536 4423 2927 4521 liquidumest,
2954 4430 3121 4521 iidem
3150 4451 3488 4521 semper
3514 4458 3685 4516 sunt,

2106 4513 2627 4612 inﬂexaplislocuui
2649 4516 2945 4612 habebant.
2976 4520 3044 4578 Ει
3083 4522 3292 4597 δυάς
3340 4513 3485 4612 θ’θρ·
3524 4558 3640 4607 ιη’
3666 4513 3721 4610 vi
3756 4539 3776 4592 1

2106 4606 2171 4659 ad
2191 4618 2370 4702 vocem
2381 4606 2961 4702 FPYKol‘ﬁ'ﬁoppdr.
2981 4615 3053 4670 At
3074 4606 3482 4690 εθειιηαιιξη
3512 4606 3774 4702 Hieron]

2108 4693 2352 4758 mum,A.
2381 4693 2441 4747 Σ.
2462 4694 2550 4750 hic
2564 4694 2763 4767 βορρἄ
2792 4702 3012 4774 habent,
3046 4716 3272 4781 atque
3298 4726 3490 4782 eum
3523 4693 3756 4780 Τιιοοάῖι

2108 4788 2185 4840 tio
2213 4786 2264 4839 in
2295 4792 2441 4875 testu
2459 4785 2565 4838 τῶν
2596 4790 2675 4853 θ’,
2699 4796 2793 4861 qui
2827 4796 2896 4852 ad
2925 4796 3435 4875 Theodotionem
3478 4828 3748 4875 correcta

2108 4875 2300 4984 fuerat.
2330 4873 2609 4984 tibinotes
2636 4880 2935 4946 Eusebium
2962 4904 3019 4950 et
3053 4873 3542 4984 Hierapydnam,
3578 4906 3728 4980 Aqui

2109 4968 2211 5066 iam
2242 4974 2294 5065 et
2337 4965 2727 5036 Symmachum
2786 4990 3002 5046 tantum
3026 5033 3041 5059 ,
3076 4965 3560 5061 Τὶιεδάᾷιξοῖιέιίι
3616 4965 3716 5056 ven

3283 5312 3324 5335 .,
3386 5276 3419 5342 Ῡ
3463 5274 3518 5326 9.
3557 5269 3700 5323 Hebr

2151 5505 2161 5515 .
2747 5504 2761 5518 .
2800 5504 2856 5513 --
2887 5504 3070 5531 .....,,,,
3410 5504 3422 5514 .
3531 5504 3537 5506 .

2112 5504 2253 5631 311':
2272 5504 2830 5631 ῒ;,ῗ.;ἑ’ῖ,σιάτονι,
2854 5504 3339 5631 ιιίετοηξηῗῖφ»
3360 5530 3739 5631 eiram“

2628 5551 2803 5590 am».
2854 5553 2917 5590 ll:

2112 5553 2253 5647 datio
2282 5553 2830 5674 ἰηιειξρνΐὲιζιαγονι,
2854 5553 3210 5649 Hier-Ouymu
3224 5566 3339 5631 9,
3360 5553 3766 5672 itqmtu‘u‘uu;

2112 5683 2199 5736 hic
2218 5683 2266 5733 οῖ
2293 5682 2361 5750 Γ(
2404 5692 2458 5744 ct
2488 5639 2741 5750 1.1.3.."
2771 5655 3101 5750 Wi‘mam;
3129 5676 3233 5750 ips
3248 5632 3689 5750 ξ’
3757 5654 3760 5661 ’

3085 5698 3101 5740 ἱ
3130 5698 3233 5740 109
3254 5698 3302 5740 ’ν
3360 5710 3369 5740 τ

2112 5683 2199 5736 hic
2218 5683 2266 5733 οἱ
2293 5682 2361 5754 l"_
2404 5692 2458 5744 ei.
2488 5682 2728 5797 λοιποῐ
2752 5682 3061 5808 tu?!“
3078 5682 3329 5833 spis;
3360 5710 3524 5776 \psum
3546 5718 3671 5757 esse.

2915 5788 2932 5810 ς
3005 5800 3045 5829 .,
3131 5809 3146 5826 ,

2915 5788 2932 5810 Ὁ
2958 5788 3045 5829 ιη,
3078 5788 3146 5826 υ.
