3878 6412
563 469 724 547 με,

1878 465 2378 519 ΡΚᾸΞῌΜΙΝΛΒΙΑ
3595 461 3676 515 ἱὶϐ

563 594 672 632 σου.
719 577 836 631 Haec
881 579 1098 631 omnino
1143 579 1449 633 verisimilia
1488 594 1632 634 sunt.
1677 581 1731 634 Si
1764 591 1936 636 tamen
1977 584 2080 636 alio
2109 589 2150 642 Α
2179 589 2534 635 commentum
2560 582 2623 634 de
2655 581 2824 634 tribus
2857 579 3190 634 editionibus
3221 577 3331 645 jam
3375 576 3677 630 exsuﬂlatum

563 670 718 722 modo
746 679 794 721 te
821 669 1066 736 expedire
1100 670 1260 732 velis,
1290 685 1418 724 cave
1453 670 1599 724 dicas
1634 687 1866 739 unquam
1888 715 1903 731 .
1949 674 1997 724 οἱ
2030 674 2079 724 Γ¹

561 773 662 812 non
691 757 987 825 signiﬁcare
1016 760 1104 824 A.,
1132 761 1213 822 Σ.,
1237 761 1322 826 6.,
1360 761 1410 814 id
1440 761 1632 829 quippe
1663 777 1766 814 non
1810 763 1932 815 licet
1962 772 2080 829 post

561 854 636 898 tot
655 845 810 897 allata
841 847 1165 900 testimonia.
1188 847 1449 902 Caeterum
1478 850 1624 918 ὅμως
1660 850 1796 903 male
1836 865 1866 902 a
1901 849 2083 902 Curte—

559 936 638 988 rio
665 935 858 990 lectum
889 936 1053 989 fuisse
1076 953 1172 1005 pro
1205 939 1422 1007 ὁμοίως,
1448 954 1586 1006 saepe
1608 939 1961 993 ostendimus.
1988 939 2082 994 llic

557 1027 712 1078 etiam
737 1027 874 1079 male
897 1028 1196 1098 κατάδυμα,
1225 1045 1320 1098 pro
1351 1030 1631 1099 καταλυμα
1657 1030 1847 1098 legitur
1866 1071 1880 1094 ,
1913 1040 1969 1084 ut
1995 1031 2082 1085 ob-

556 1124 730 1169 servat
761 1114 1062 1171 Waltonus.

625 1206 867 1260 Alterum
918 1206 1151 1262 Waltoni
1203 1217 1568 1278 argumentum
1621 1209 1916 1276 hujusmodi
1956 1219 2080 1264 est:

557 1292 688 1345 Dein
716 1311 830 1362 cap.
860 1297 985 1359 mi,
1020 1299 1073 1365 ᾗ.
1109 1298 1160 1360 9,
1199 1299 1265 1348 ad
1296 1314 1462 1349 vocem
1487 1297 1757 1350 ἀνατεῖλαι
1779 1313 1890 1349 cum
1922 1327 1978 1351 -.—
2010 1297 2082 1349 sic

556 1401 609 1438 se
642 1385 792 1437 habet
819 1402 995 1455 margo
1013 1403 1030 1438 :
1054 1389 1114 1439 Οἱ
1147 1388 1217 1450 I",
1240 1388 1598 1455 ἀναγγεῖλαι,
1632 1389 1692 1440 Θ.
1716 1387 2081 1454 βλαστῆσαι,

556 1475 619 1525 Α.
648 1472 1018 1541 ἁναφυῆναι;
1050 1491 1216 1528 nonne
1247 1477 1354 1530 ha’c
1397 1487 1542 1529 tanta
1593 1487 1796 1544 tamque
1838 1476 2086 1527 distincta

557 1563 1009 1630 intepretationum
1026 1567 1248 1618 varietas
1275 1567 1571 1618 varietatem
1595 1566 1765 1633 arguit
1791 1568 2086 1620 auctorum?

627 1649 750 1705 Hmc
775 1654 820 1707 si
851 1655 1152 1708 accuratius
1181 1655 1541 1709 examinasset
1570 1652 1871 1717 Waltonus,
1914 1655 2084 1707 mani-

558 1740 689 1795 festa
710 1743 791 1796 vel
819 1743 1022 1796 librarii
1053 1744 1134 1797 vel
1157 1743 1383 1798 Curterii
1423 1745 1613 1798 menda
1645 1745 1752 1798 duo
1792 1743 2084 1811 deprehen—

560 1832 747 1886 disset.
779 1833 1011 1887 Primum
1040 1845 1142 1898 est,
1179 1835 1322 1904 quod
1345 1836 1392 1887 οἱ
1432 1836 1482 1886 1"
1519 1836 1726 1903 legatur
1758 1849 1858 1902 pro
1887 1836 1962 1900 0',
1995 1833 2080 1896 C.,

2179 681 2276 724 est.

2248 760 2396 825 Quod
2430 761 2493 812 ad
2531 770 2707 814 notam
2731 776 2857 814 vero
2899 761 3116 822 attinet,
3154 758 3276 810 dico
3321 757 3389 808 ita
3436 757 3686 822 legendum

2179 863 2317 908 esse,
2359 849 2582 917 Ὁμοίως
2605 849 2652 900 οἱ
2673 849 2742 910 1",
2774 850 2822 900 oi
2848 850 2924 909 O’,
2959 848 2991 914 ἥ
3019 844 3218 914 ὁμοίως
3263 845 3371 904 τοῖς
3411 844 3507 905 A'.,
3537 843 3615 897 Θ..
3640 852 3690 893 ut

2179 940 2376 1008 passim
2426 940 2677 1006 probatur
2724 939 2774 990 in
2828 939 2974 990 notis
3035 937 3101 989 ad
3145 935 3443 988 Hesaiam:

2180 1027 2538 1081 Marchaliano
2571 1027 2772 1090 codice,
2813 1027 2900 1079 ubi
2936 1027 3084 1093 ὅμως
3113 1023 3343 1090 legitur,
3378 1029 3496 1088 post
3521 1019 3586 1073 Μ.
3623 1034 3696 1073 su-

3494 948 3607 984 nam
3648 933 3693 985 in

2181 1134 2275 1186 pra
2313 1118 2560 1172 scribitur
2586 1117 2779 1169 lineola
2809 1129 2929 1183 quae
2948 1113 3220 1181 signiﬁcat
3249 1128 3298 1162 οι
3333 1129 3346 1163 :
3375 1108 3696 1176 quamobrem

2181 1209 2454 1278 legendum
2483 1207 2706 1276 ὁμοίως·
2742 1206 2829 1257 ubi
2858 1203 3142 1258 Curterius
3193 1199 3321 1266 legit
3361 1214 3419 1248 τε
3438 1236 3453 1262 ,
3483 1198 3523 1246 Τ
3548 1195 3699 1249 solum

2183 1297 2424 1359 habetur,
2481 1311 2639 1362 supra
2671 1295 2844 1362 posita
2883 1306 3114 1345 recurva
3173 1289 3342 1350 linea,
3403 1301 3522 1354 qua:
3565 1284 3705 1338 efﬁcit

2183 1386 2460 1439 articulum
2493 1388 2620 1446 τοῖς,
2645 1395 2704 1437 ut
2745 1384 2876 1451 ipsis
2912 1382 3086 1436 oculis
3131 1376 3364 1446 inspexi.
3404 1374 3514 1428 Hac
3556 1375 3705 1442 posita

2181 1475 2405 1528 lectione
2431 1475 2550 1527 dico
2584 1475 2808 1542 primam
2839 1481 3022 1524 notam
3058 1468 3295 1538 Ὁμοίως
3311 1467 3361 1519 οἱ
3382 1467 3433 1518 Γ¹
3467 1466 3546 1519 vel
3571 1465 3712 1534 perti-

2184 1580 2304 1617 nere
2334 1565 2397 1617 ad
2443 1565 2670 1631 aliquam
2695 1579 2877 1616 vocem
2906 1562 3060 1630 prius
3093 1560 3331 1627 positam
3355 1597 3370 1620 ,
3410 1557 3492 1610 vel
3531 1557 3712 1625 signiﬁ-

2183 1669 2302 1707 care
2333 1665 2438 1706 tres
2467 1654 2774 1721 interpretes
2828 1653 2875 1704 εἰ
2923 1651 3014 1703 καί
3058 1650 3284 1713 habere,
3340 1648 3413 1700 ita
3459 1656 3627 1700 tamen
3667 1657 3715 1699 ut

2181 1746 2229 1795 oi
2257 1746 2309 1796 0'
2341 1743 2373 1813 ἢ
2403 1744 2596 1812 ὁμοίως
2615 1746 2722 1804 τοῖς
2761 1744 2846 1804 Α.,
2879 1742 2940 1794 Θ.
2977 1741 3028 1794 id
3062 1748 3170 1806 est,
3206 1737 3351 1792 LXX
3380 1747 3433 1791 et
3459 1737 3640 1809 ﬁquila
3673 1744 3716 1789 et

2185 1833 2477 1887 Theodotio
2506 1834 2539 1902 ἧ
2578 1847 2673 1901 pro
2699 1835 2745 1885 εἰ
2770 1833 3022 1886 habeant.
3062 1831 3133 1884 Ut
3183 1839 3244 1882 ut
3279 1844 3408 1883 vero
3446 1828 3539 1888 sit,
3584 1842 3716 1881 erro-

560 1921 615 1974 id
650 1931 730 1974 est
769 1921 905 1974 LXX
934 1933 985 1976 et
1009 1922 1377 1992 Symmachus,
1409 1939 1526 1992 quae
1550 1923 1771 1976 mutatio
1811 1922 1999 1976 facilis.
2027 1919 2082 1974 ld
2113 1906 2154 1959 Β
2184 1939 2294 1978 rem
2322 1924 2520 1976 librarii
2549 1924 2630 1977 his
2657 1925 2708 1977 in
2741 1924 2955 1977 casibus
2993 1923 3182 1991 potius
3213 1921 3543 1990 suspiceris,
3577 1934 3716 1987 quam

559 2024 690 2065 vero
721 2010 876 2065 docet
922 2012 1105 2065 eadem
1137 2013 1450 2065 Curteriana
1497 2012 1679 2077 editio,
1723 2012 1812 2066 ubi
1857 2011 1922 2064 ad
1973 2011 2083 2064 haec

559 2094 720 2148 verba
748 2096 937 2164 legitur
962 2099 1016 2150 in
1048 2097 1429 2150 Commentario
1458 2097 1724 2166 Procopii,
1747 2101 1774 2151 ὁ
1800 2097 2083 2167 Σύμμαχος

558 2181 728 2251 εἶπεν,
757 2187 862 2256 πρὸ
877 2188 968 2239 τοῦ
996 2189 1326 2255 ἀναγγεῖλαι,
1349 2198 1450 2243 etc.
1501 2189 1801 2242 Secundum
1835 2187 2082 2241 mendum

559 2284 662 2339 est,
691 2276 833 2343 quod
865 2277 1146 2345 utrobique
1180 2278 1384 2345 legatur
1420 2278 1728 2346 ἀναγγεῖλαι
1761 2293 1854 2346 pro
1881 2278 2086 2330 ἀνατεῖ-

558 2361 667 2426 λαι,
706 2380 976 2432 nunquam
1007 2367 1148 2418 enim
1183 2382 1365 2420 vocem
1393 2378 1626 2426 rt:an
1660 2369 1903 2421 vertisset
1933 2366 2086 2436 Sym-

560 2457 784 2510 machus
807 2457 1134 2522 ἀναγγείλαι.
1184 2457 1366 2524 Itaque
1388 2469 1564 2512 notam
1595 2461 1672 2513 sic
1717 2460 1859 2528 legas
1899 2463 1974 2524 0',
2001 2460 2084 2520 Σ.,

558 2545 890 2608 ἀνατεῖλαι,
918 2547 977 2598 Θ.
1031 2545 1372 2612 βλαστῆσαι
1397 2587 1411 2610 ,
1458 2549 1520 2600 Α.
1557 2549 1909 2615 ἀναφυῆναι.
1953 2546 2084 2600 Nam

561 2633 701 2686 LXX
736 2643 794 2687 ut
821 2633 1176 2704 Symmachus
1191 2639 1459 2689 ἀνατεῖλαι
1489 2638 1736 2704 primitus
1764 2638 2015 2690 habuere.

631 2725 867 2779 Tertium
890 2736 1260 2796 argumentum
1288 2728 1485 2796 profert
1504 2728 1781 2781 Waltonus
1808 2744 1820 2778 :
1842 2728 2084 2796 Denique,

566 2815 665 2878 ait,
695 2833 809 2884 cap.
841 2833 985 2879 LXVI,
1025 2835 1070 2870 υ.
1100 2819 1153 2882 8,
1204 2818 1271 2870 ad
1310 2836 1451 2872 voces
1478 2821 1524 2870 ei
1554 2819 1644 2870 καί
1689 2819 1780 2871 sub
1815 2831 1875 2873 αε-
1910 2835 2087 2886 margo

562 2908 638 2958 sic
661 2906 830 2969 habet,
863 2909 1046 2977 Ὅμως
1066 2911 1114 2962 οἱ
1138 2913 1213 2971 0',
1244 2910 1298 2978 ἢ,
1326 2911 1470 2978 ὅμως
1500 2926 1556 2960 τε
1583 2911 1668 2971 Α.,
1697 2909 1780 2968 6.,
1814 2908 1946 2960 unde
1968 2924 2089 2960 con-

563 3005 668 3046 stet
695 2995 938 3063 Aquilam
966 2997 1147 3048 saltem
1173 3007 1218 3048 et
1253 2996 1644 3049 Theodotionem
1680 3013 1778 3048 non
1804 2998 1971 3047 minus
2005 2996 2088 3046 di-

560 3096 731 3137 uersos
754 3101 863 3138 esse
895 3103 926 3138 a
952 3089 1061 3148 τοῖς
1089 3088 1126 3138 Γ
1127 3094 1138 3114 '
1162 3104 1316 3155 quam
1343 3090 1388 3139 οἱ
1421 3091 1472 3139 0’
1502 3097 1639 3140 sunt.
1671 3086 1850 3155 (Forte
1863 3102 1951 3154 per
1977 3087 2023 3137 oi
2040 3085 2076 3135 Γ
2077 3091 2088 3112 '

2183 2029 2292 2067 rem
2328 2014 2445 2066 luce
2493 2013 2770 2067 clariorem
2823 2027 3005 2079 neges,
3057 2011 3322 2064 videlicet
3371 2011 3496 2072 τοὺς
3543 2009 3592 2060 Γ’
3621 2023 3723 2062 esse

2181 2102 2449 2170 Aquilam,
2474 2100 2850 2169 Symmachum
2883 2109 2938 2154 et
2973 2099 3442 2153 Theodotionem.

2249 2191 2402 2244 Certe
2423 2190 2673 2244 librarios
2703 2191 2753 2242 in
2779 2190 3098 2257 hujusmodi
3126 2190 3276 2243 notis
3301 2205 3410 2242 non
3443 2187 3728 2257 infrequen-

2185 2288 2260 2332 ter
2279 2295 2458 2334 errare
2479 2280 2948 2348 deprehendimus,
2973 2279 3292 2334 ntCoislin.
3321 2280 3556 2333 eximius
3583 2279 3729 2332 codex

2183 2368 2246 2420 ΙΙΙ
2278 2369 2404 2438 Reg.
2441 2385 2528 2433 xv,
2565 2369 2628 2421 l2
2657 2387 2669 2423 :
2698 2373 2772 2433 0',
2800 2370 2874 2434 1",
2902 2369 3000 2431 τὰς
3026 2369 3262 2431 τελετὰς
3291 2409 3306 2432 ,
3347 2369 3548 2438 ὁμοίως
3589 2369 3634 2419 οἱ
3667 2367 3730 2428 Γ,

2184 2461 2273 2512 ubi
2297 2461 2383 2513 illa
2418 2461 2658 2528 repetitio
2687 2459 2777 2512 τοῦ
2806 2461 2854 2511 I"
2881 2461 3014 2514 vitio
3047 2461 3282 2516 inducta
3321 2460 3465 2525 fuit;
3507 2471 3560 2513 et
3605 2458 3732 2510 Vati-

2184 2567 2350 2604 canus
2381 2552 2570 2619 psalm.
2607 2568 2714 2613 xvi,
2747 2551 2800 2614 2,
2829 2552 2882 2604 in
2914 2551 3028 2604 haec
3059 2554 3236 2605 verba
3275 2554 3325 2604 οἱ
3363 2549 3623 2620 ὀφθαλμοί
3657 2565 3734 2600 σου

2185 2641 2262 2694 sic
2281 2650 2426 2694 notat
2453 2660 2466 2693 :
2506 2647 2595 2706 A.,
2627 2643 2708 2703 Σ.,
2729 2641 2814 2703 6.,
2841 2642 3039 2710 ὁμοίως
3095 2644 3150 2693 οἱ
3179 2643 3234 2694 I"
3257 2683 3272 2707 ,
3310 2655 3622 2711 quanquam
3663 2639 3736 2691 hic

2185 2739 2326 2782 recte
2347 2730 2596 2798 explicari
2633 2731 2822 2798 possit,
2855 2731 3071 2798 Aquila,
3105 2730 3469 2801 Symmachus
3509 2740 3556 2782 ct
3590 2725 3735 2781 Theo-

2185 2819 2346 2876 dotio.
2386 2828 2484 2872 tres
2516 2819 2755 2871 similiter
2769 2819 2980 2882 habent,
3012 2822 3170 2888 quod
3198 2822 3277 2875 ita
3296 2821 3510 2875 Gallice
3530 2815 3737 2887 exprimi

2187 2908 2377 2969 valeat,
2413 2907 2635 2975 Aquila,
2661 2905 2976 2976 Symmaque
3022 2920 3076 2961 et
3116 2909 3456 2962 Theodotion
3508 2916 3594 2960 ont
3639 2914 3736 2956 lout

2188 2995 2314 3047 trois
2339 2995 2400 3046 de
2431 2996 2604 3048 meme.
2633 2993 2752 3048 Haec
2770 2996 3018 3063 pluribus
3047 2998 3320 3066 persequi
3348 3011 3577 3052 necesse
3603 2995 3740 3048 duxi-

2188 3101 2329 3146 mus,
2354 3101 2420 3138 ne
2450 3085 2798 3139 eruditissimi
2830 3086 2968 3138 etde
3002 3087 3292 3154 republica
3327 3087 3589 3140 litteraria
3625 3083 3740 3136 bene

567 3185 669 3227 tm
691 3176 958 3240 editiones,
989 3175 1224 3246 Origenis
1252 3179 1327 3230 vel
1351 3178 1578 3240 Eusebii,
1606 3177 1823 3228 Luciani
1852 3185 1900 3227 et
1927 3174 2090 3243 Hesy-
2115 3205 2154 3260 ο
2189 3174 2364 3228 meriti
2396 3173 2494 3227 viri
2523 3180 2718 3228 conatu
2743 3189 2772 3227 a
2803 3189 2929 3228 vera
2965 3176 3248 3231 sententia
3280 3176 3510 3246 quidam
3537 3172 3740 3228 abduce-

560 3265 667 3316 eln'i
694 3265 1044 3324 denotant-tr.)
1073 3265 1335 3322 Hactenus
1354 3266 1652 3321 Waltonus.
1674 3265 1944 3319 Posterius
1964 3278 2086 3318 vero
2190 3272 2388 3318 rentur.

2110 3419 2177 3434 -ιιο
2185 3425 2187 3427 ι

1526 3543 1892 3632 CAPUT
1963 3541 2704 3650 UNDECIMUM.

564 3857 604 3910 Ι.
625 3858 952 3919 Hexaplorum
974 3855 1241 3919 apographa
1261 3867 1498 3919 perpauca
1522 3853 1642 3902 facta
1665 3859 1794 3919 sunt,
1833 3867 1999 3919 quare.
2033 3853 2094 3902 II.
2113 3851 2637 3919 Yariarl-{eraplorum'
2659 3848 2898 3919 lectiones
2925 3851 2975 3919 in
3011 3853 3333 3919 marginibus
3358 3854 3637 3919 Bibliorum
3669 3863 3739 3904 cor

659 3909 812 3967 lectae.
836 3917 917 3966 Ill.
941 3909 1222 3975 Quinam'ex
1245 3909 1558 3976 scriptoribus
1579 3909 1920 3964 ecclesiasticis
1941 3915 2266 3975 Hexaplorum
2286 3913 2419 3960 libris
2439 3909 2544 3958 'sint
2567 3909 2656 3958 usi.
2684 3909 2763 3956 IV.
2791 3911 3108 3968 Quandonam
3123 3909 3368 3976 Hexapla
3392 3917 3658 3977 perierint.

563 4057 605 4110 Ι.
637 4055 983 4124 llexaplorum
1007 4055 1301 4122 apographa
1317 4070 1571 4122 perpauca
1591 4053 1730 4120 facta
1751 4062 1889 4116 sunt,
1911 4067 2086 4120 quare.

634 4147 855 4210 Quantae
889 4144 1047 4196 fuerit
1092 4159 1266 4211 opera:
1320 4142 1549 4210 Hexapla
1597 4140 1839 4210 Origenis
1886 4142 2088 4208 integra

563 4234 886 4297 describere,
905 4243 957 4285 et
991 4247 1074 4286 res
1113 4233 1224 4300 ipsa
1255 4247 1346 4299 per
1374 4246 1432 4284 se
1453 4231 1690 4292 clamat,
1743 4239 1796 4282 et
1835 4229 2089 4297 Hierony-

565 4339 686 4376 mus
708 4323 1035 4384 testiticatur,
1058 4321 1149 4389 qui
1177 4322 1255 4374 ait
1276 4319 1593 4374 Prazl'atione
1614 4321 1666 4372 in
1691 4319 1880 4372 librum
1905 4317 2086 4384 Iosue,

566 4412 798 4480 Hexapla
835 4421 1048 4480 sumptu
1077 4420 1131 4464 et
1168 4411 1348 4464 labore
1373 4410 1604 4463 maximo
1652 4410 1906 4478 indigere.
1951 4406 2090 4462 Sane

2193 4064 2351 4118 quam
2387 4047 2659 4101 minimam
2687 4060 2816 4098 sane
2846 4053 3025 4099 textus
3063 4044 3274 4100 Biblici
3305 4059 3526 4116 partem
3552 4047 3739 4117 singuli

2193 4137 2246 4188 in
2280 4135 2484 4203 paginis
2516 4133 2696 4186 haberi
2726 4146 2945 4185 necesse
2990 4132 3136 4187 fuit:
3182 4136 3402 4204 quibus
3457 4139 3734 4208 perpensis

2193 4225 2278 4277 vix
2317 4222 2697 4291 quinquaginta
2753 4221 2942 4288 amplae
2997 4221 3170 4276 molis
3207 4229 3602 4284 voluminibus
3633 4242 3740 4281 com

2192 4311 2444 4380 prehendi
2475 4308 2702 4377 llexapla
2727 4309 2909 4361 omnia
2939 4309 3205 4376 potuisse
3242 4318 3591 4385 putaverim.
3624 4318 3736 4372 Cun

2192 4418 2295 4471 que
2325 4402 2436 4469 ipse
2472 4399 2746 4468 Origenes,
2778 4400 2870 4467 qui
2915 4401 3130 4468 primus
3173 4403 3574 4478 Hexaplorum
3619 4423 3740 4476 opus

561 4502 742 4570 quivis
773 4501 1038 4568 conjicere
1065 4502 1203 4556 valet
1232 4501 1416 4569 quanti
1464 4499 1663 4554 laboris
1709 4498 1869 4553 fuerit
1892 4500 2090 4554 Graecis
2121 4500 2164 4555 D
2193 4501 2462 4559 sumptum
2489 4489 2877 4558 suppeditante,
2909 4498 2970 4542 ut
3005 4501 3278 4564 putatur,
3308 4498 3642 4567 Ambrosio,
3665 4516 3740 4554 cm

565 4590 928 4658 calligraphis,
953 4587 1119 4643 Biblia
1154 4603 1306 4644 sacra
1346 4589 1576 4656 primum
1610 4587 1866 4642 Hebraica
1891 4589 2088 4658 lingua,

563 4697 723 4750 quam
759 4690 818 4736 ut
846 4683 1131 4750 plurimum
1155 4683 1488 4752 ignorabant,
1507 4683 1814 4751 depingere;
1837 4679 2091 4734 Hebraica

565 4773 755 4828 deinde
781 4774 980 4829 Graecis
1008 4774 1199 4828 litteris
1223 4789 1253 4826 e
1279 4775 1493 4844 regione
1515 4775 1875 4843 perscribere;
1910 4781 2092 4842 postea

566 4877 692 4915 vero
724 4871 954 4930 quatuor
994 4873 1052 4917 ut
1090 4864 1392 4928 minimum,
1430 4864 1716 4934 aliquando
1767 4879 1859 4916 sex
1896 4863 1975 4916 vel
2009 4876 2093 4916 se-

565 4958 707 5017 ptem
735 4950 1074 5019 interpretum
1097 4951 1374 5014 editiones,
1401 4968 1508 5005 uno
1533 4960 1842 5020 conspectu,
1863 4959 1914 5003 et
1940 4965 1969 5002 e
2005 4965 2090 5002 re-

567 5040 725 5110 gione
748 5055 962 5108 ponere,
993 5058 1053 5096 ea
1084 5043 1285 5096 scilicet
1313 5044 1671 5105 accuratione,
1703 5049 1754 5094 et
1789 5056 1890 5092 una
1934 5039 2088 5091 aliam

567 5143 675 5182 non
704 5131 999 5182 excederet.
1033 5130 1084 5182 ld
1126 5146 1254 5185 sane
1294 5141 1546 5200 praestare
1572 5130 1730 5200 pauci
1759 5144 1820 5181 ex
1851 5126 2092 5194 calligra-

565 5217 687 5285 phis
712 5225 973 5284 poterant.
1013 5221 1090 5271 Ad
1120 5222 1250 5282 lia-c,
1279 5238 1398 5275 cum
1431 5223 1519 5275 illo
1544 5236 1675 5285 aavo,
1703 5220 1753 5272 in
1795 5217 1943 5270 libris
1988 5216 2093 5268 sal-

565 5320 672 5364 tem
701 5306 1021 5374 hujusmodi,
1047 5313 1255 5365 nonnisi
1284 5313 1510 5366 uncialis
1548 5311 1824 5364 character
1859 5319 2088 5371 usurpa—

563 5403 735 5456 retur,
768 5397 858 5462 qui
894 5397 1046 5465 longe
1069 5401 1239 5466 majus
1266 5403 1496 5469 spatium
1530 5399 1843 5468 occupabat»
1868 5410 1930 5447 ³ο
1957 5407 2092 5462 ιπε-

565 5497 648 5540 ter
681 5485 798 5539 illas
827 5483 1070 5541 Hebraici
1105 5499 1278 5542 textus
1309 5493 1763 5557 interpretumque
1789 5485 2088 5543 columnas,

569 5574 732 5627 multa
767 5571 821 5625 in
852 5576 1179 5642 marginibus
1214 5577 1464 5647 Origenes
1499 5575 1838 5647 apposuerit,
1891 5571 2090 5624 monita

565 5662 789 5725 scilicet,
828 5663 1099 5717 nominum
1157 5667 1489 5732 propriorum
1541 5666 1874 5718 aliorumnne
1930 5660 2090 5710 inter-

569 5748 908 5812 pri-taliones,
939 5769 1055 5821 qua:
1085 5755 1220 5808 latos
1249 5756 1512 5824 margines
1545 5751 1950 5813 desiderabant;
1977 5761 2091 5814 pcr-

2191 4579 2447 4641 cinnavit,
2472 4578 2572 4632 etsi
2605 4578 2998 4647 tachygraphos
3033 4591 3267 4648 septem
3305 4597 3365 4642 et
3397 4591 3632 4643 totidem
3684 4605 3740 4643 ca

2190 4671 2458 4738 ligraplios
2513 4669 2576 4723 ad
2636 4683 2851 4722 manum
2891 4683 3107 4738 semper
3164 4676 3452 4746 haberet,
3488 4682 3561 4737 iis
3615 4693 3740 4736 tamt

2192 4760 2511 4813 adornandis
2542 4759 2736 4812 multos
2773 4764 3204 4827 consumpserit-
3245 4785 3475 4837 annos,
3511 4770 3736 4842 probabi

2191 4865 2319 4902 sane
2341 4860 2422 4902 est
2445 4863 2736 4917 perpaucos
2765 4857 2882 4917 post
2905 4845 3446 4925 Origenemfuisse,
3475 4865 3579 4934 qui
3608 4863 3736 4932 huju

2190 4938 2331 4992 modi
2363 4940 2790 5005 commoda,.una
2813 4954 2935 4993 cum
2973 4941 3340 5010 adipiscendi
3371 4954 3662 5009 desiderio
3683 4993 3697 5016 ,

2191 5029 2444 5097 pecunias
2471 5039 2522 5083 et
2549 5031 2905 5101 calligraphos
2937 5037 2991 5084 et
3013 5037 3399 5099 membranas
3423 5060 3532 5115 pro
3546 5057 3677 5102 voto
3700 5047 3740 5100 li:

2189 5119 2421 5172 buerint.

2260 5206 2321 5260 ll.
2363 5207 2534 5262 Varia,
2573 5209 2927 5292 "Px-ttplprttllt
2973 5213 3231 5292 lectiones
3270 5225 3330 5276 in
3376 5231 3731 5292 ntarqinibus

2673 5285 2962 5338 Bibltorum
2994 5285 3256 5345 collectae.

2259 5385 2394 5443 Hinc
2419 5401 2596 5447 autem
2620 5399 2797 5452 evenit
2817 5403 2873 5449 ut
2887 5393 3130 5463 plerique
3156 5414 3188 5452 a
3217 5407 3568 5464 tamardua
3592 5423 3656 5463 re
3681 5423 3740 5464 su

2189 5476 2434 5545 cipienda
2499 5482 2765 5556 deterriti,
2823 5501 2928 5556 quo
2975 5487 3292 5548 minoribus
3333 5497 3627 5568 impensis
3685 5517 3740 5570 qi

2190 5570 2456 5638 praecipua
2485 5573 2539 5628 in
2576 5576 2792 5651 Exaplis
2811 5585 2961 5634 erant
2987 5583 3492 5654 nanciscerentur,
3533 5595 3740 5649 lection

2190 5656 2414 5724 Aquilze,
2451 5661 2784 5736 Symmachi,
2817 5669 3225 5735 Thcodotionis,
3269 5685 3460 5746 atque
3493 5685 3666 5741 alias.
3694 5700 3740 5746 (ιι

2194 5747 2412 5814 ""‘lm‘is
2447 5769 2567 5810 esse
2605 5763 2860 5818 momenti
2891 5760 3205 5815 videbantur
3237 5798 3256 5824 ,
3325 5765 3388 5819 in
3430 5773 3740 5839 marginibi
