3878 6374
109 408 309 486 [1‘2

1504 425 1570 478 IN
1609 419 1920 477 HEXAPLA
1959 412 2296 474 ORlGENlS.

3345 415 3438 472 H3

90 529 552 614 ειιεωριπὶυω
579 525 686 579 τῶν
716 527 1057 584 Ονειεεΐὶὶῆ
1083 550 1399 597 curarent.
1423 544 1490 598 Et
1511 546 1633 614 quia
1651 544 1704 596 in
1725 542 1813 596 de-
1840 544 1884 598 A
1911 537 2001 606 qui
2028 531 2276 602 liexaplis
2293 524 2434 582 sunt
2459 507 2645 614 USi.;Si
2669 525 2923 587 quaedam
2945 531 3028 584 hic
3051 528 3228 599 paucis
3273 529 3427 598 profe

87 632 348 709 ιθᾶιυ,
373 616 688 709 opinionum
721 616 1079 709 plerumque
1114 625 1378 686 divortia
1424 633 1538 687 ﬁeri
1589 632 1756 687 solent
1785 670 1800 695 ,

60 707 186 802 ὡ,
245 726 313 764 an
340 708 469 762 alius
505 707 653 760 aliud
681 707 1102 767 adnotandum
1164 730 1354 788 putat,
1380 722 1504 776 inde
1533 720 1722 776 accidit
1748 727 1805 771 υι

67 798 127 889 ii“
259 799 422 853 rariis
448 798 751 853 Bibliorum
789 800 1114 860 codicibus
1156 809 1433 867 lectiones
1462 813 1803 880 interpretum

211 891 348 950 tia:
368 889 650 958 descriptae
671 887 828 956 sint;
861 891 949 945 ita
1006 903 1072 949 et
1127 901 1304 967 pauci
1335 903 1666 970 reperiantur
1695 917 1806 953 ma-

87 981 248 1062 i“,
281 982 446 1050 scripti
470 981 562 1050 qui
592 981 827 1036 easdem
852 997 1295 1052 repraesentem
1326 1010 1339 1045 ι
1399 993 1521 1046 inde
1547 1006 1674 1045 vero
1724 991 1806 1043 fa-

99 1051 350 1160 iu‘am
379 1080 534 1126 estut
561 1070 732 1141 longe
753 1073 958 1141 plures
979 1087 1248 1136 veterum
1280 1083 1531 1138 lectiones
1563 1083 1724 1137 variis
1755 1083 1807 1136 in

113 1163 366 1236 muris
413 1175 522 1215 sese
560 1161 906 1216 obtulerint.
963 1163 1132 1222 Inter
1191 1171 1295 1226 hos
1345 1182 1519 1225 autem
1559 1173 1804 1236 codices,

150 1274 238 1325 ῃ,
267 1268 378 1322 mge
418 1266 636 1308 caeteros
683 1265 973 1323 superant
1005 1256 1344 1315 Coisliniani
1393 1263 1497 1316 duo
1529 1282 1541 1315 :
1581 1278 1808 1332 quorum

167 1359 367 1411 “(ius
389 1343 573 1396 unciali
629 1344 861 1412 quadro
933 1348 1270 1405 charactere
1330 1353 1624 1421 descriptus
1661 1362 1810 1406 sexto

183 1434 437 1500 εἱστίων
462 1433 542 1487 vel
568 1437 822 1502 septimo
855 1438 1076 1492 szeculo
1097 1482 1113 1504 ,
1162 1442 1530 1510 complectitur
1564 1441 1812 1497 Oetateu-

193 1532 392 1584 chum
421 1533 470 1578 et
505 1524 681 1579 libros
719 1525 945 1597 Regum
977 1567 996 1590 ,
1063 1544 1192 1583 cum
1246 1532 1558 1600 quibusdam
1593 1533 1717 1586 hinc
1760 1540 1813 1586 et

202 1616 361 1672 inde
387 1615 642 1678 hiatibus,
700 1619 803 1685 qui
839 1627 1164 1689 temporum
1221 1622 1414 1690 injuria
1456 1623 1760 1676 acciderunt
1794 1641 1809 1688 ;

207 1709 376 1761 alter
400 1721 527 1759 vero
555 1706 767 1760 decimi
803 1711 1023 1773 seculi,
1051 1711 1221 1764 libros
1251 1711 1493 1780 Regum,
1544 1711 1811 1780 Paralipo-

211 1812 456 1859 menon,
484 1796 747 1861 Esdram,
780 1796 1104 1866 Estherem,
1144 1800 1346 1864 Judith,
1380 1810 1436 1855 et
1462 1801 1810 1866 Machabaeos,

1905 600 2103 686 ramus,
2129 600 2233 676 non
2261 613 2543 685 ingratum
2575 600 2755 666 lectori
2783 617 2903 670 erit.

1973 706 2532 768 Psnrutws‘marlyl‘,
2584 692 2702 752 ideo
2729 704 2875 770 prior
2910 713 3214 761 numeratur
3235 742 3250 767 ,
3305 703 3426 772 quia

1907 816 2186 873 antequam
2217 787 2707 856 ullus-scriptorum
2755 795 2848 862 qui
2883 806 3161 863 supersunt
3186 793 3429 860 Hexaplis

1908 902 2164 958 uteretur,
2199 890 2412 945 codices
2445 879 2798 950 Hexaplorum
2829 900 2947 938 eum
2994 884 3218 939 Eusebio
3247 896 3428 937 cmen-

1909 984 2064 1038 dasse
2115 981 2281 1034 fertur
2307 979 2362 1032 in
2397 981 2525 1028 nota
2558 972 2758 1027 codicis
2790 972 2900 1028 RR.
2933 973 3032 1026 PP.
3063 971 3380 1026 Jesuitarum
3409 1008 3426 1033 ,

1911 1073 2162 1142 exscripti
2195 1071 2259 1125 ad
2286 1069 2440 1123 fidem
2467 1062 2836 1132 Hexaplorum,
2861 1078 2978 1132 quae
2994 1077 3149 1130 penes
3162 1060 3429 1130 Apollina-
3481 1105 3488 1114 .

1910 1165 2049 1216 rium
2068 1158 2490 1217 emnobiarcham
2517 1153 2936 1216 asservabantur,
2955 1161 3012 1204 ut
3038 1149 3090 1204 in
3108 1150 3286 1203 eadem
3305 1157 3427 1204 nota

1912 1251 2122 1306 dicitur.

1981 1342 2237 1395 Eusenws
2249 1337 2526 1407 Pamphili,
2550 1343 2737 1404 praeter
2750 1349 2866 1389 cam
2877 1332 3105 1402 Hexapla
3117 1326 3429 1387 emendandi

1913 1446 2149 1501 operam,
2197 1445 2357 1498 quam
2383 1443 2502 1482 cum
2534 1425 2805 1494 Pamphilo
2830 1424 3083 1491 suscepit,
3114 1421 3312 1476 scholia
3338 1419 3430 1472 in-

1914 1537 2070 1590 super
2094 1519 2304 1588 adjecit,
2344 1527 2400 1574 ut
2431 1518 2483 1571 in
2508 1517 2689 1572 eadem
2723 1525 2845 1568 nota
2874 1513 3059 1566 fertur.
3089 1511 3167 1564 Ad
3205 1511 3316 1564 haec
3334 1523 3429 1562 au-

1915 1619 2017 1664 tem
2040 1610 2344 1663 innumeras
2370 1621 2503 1676 pene
2526 1613 2758 1658 veterum
2781 1602 3121 1668 interpretum
3144 1597 3207 1650 Α.
3242 1596 3299 1650 S.
3327 1595 3428 1649 Th.

1916 1697 2166 1752 lectiones
2209 1696 2422 1757 attulit,
2473 1691 2863 1748 Commentariis
2917 1691 2971 1741 in
3023 1686 3261 1741 Psalmos
3300 1695 3346 1738 et
3377 1684 3432 1737 in

1919 1786 2185 1850 Ilesaiam,
2215 1786 2266 1839 in
2292 1785 2426 1838 libro
2459 1784 2532 1836 De
2567 1782 2691 1836 locis
2728 1779 3014 1838 Hebraicis,
3068 1777 3122 1830 in
3159 1775 3434 1843 Praepara-

209 1898 367 1938 cum
403 1900 598 1956 magna
624 1885 685 1938 in
711 1887 894 1942 libros
913 1864 1126 1957 Regum
1152 1889 1646 1957 interpretationum
1677 1864 1818 1942 mar.
1848 1871 1889 1923 Β
1919 1881 2051 1932 tione
2075 1885 2128 1931 et
2154 1874 2604 1930 Demonstratione
2633 1869 2942 1940 evangelica,
2973 1867 3098 1920 etin
3127 1864 3430 1932 fragmentis

205 1971 260 2040 gi
289 1975 494 2027 malium
542 1975 713 2043 copia
740 1993 757 2028 :
792 1977 890 2030 sed
921 1977 1012 2031 hic
1036 2018 1053 2044 ,
1103 1986 1163 2031 ut
1207 1986 1259 2032 et
1292 1979 1381 2032 alii
1418 1993 1604 2033 omnes
1631 1995 1820 2032 mauu-

199 2061 449 2128 scripti,
479 2062 535 2114 in
580 2063 749 2117 libris
803 2061 1268 2132 Paralipomend'in
1295 2081 1499 2133 pauca;
1533 2066 1585 2119 in
1619 2067 1821 2121 caeteris

192 2149 284 2202 ni
305 2151 375 2204 hil
399 2152 582 2206 habet.
609 2151 714 2207 His
739 2155 954 2209 accedit
987 2154 1187 2224 Regius
1212 2156 1401 2210 decimi
1443 2157 1582 2210 tertii
1614 2157 1823 2212 circiter

187 2245 448 2307 muli,
480 2245 579 2314 qui
617 2247 832 2301 multas
859 2247 913 2299 in
942 2247 1099 2301 libris
1137 2247 1337 2314 Regum
1391 2248 1646 2302 lectiones
1673 2257 1818 2301 vete-

187 2348 363 2387 rum
397 2335 582 2388 aﬂ'ert.
637 2338 850 2402 Magno
887 2338 1013 2389 item
1058 2337 1180 2390 usui
1225 2336 1326 2391 fuit
1370 2340 1536 2391 codex
1574 2337 1684 2390 RR.
1718 2337 1821 2390 PP.

187 2420 429 2476 Samen
459 2422 652 2476 Basilii
678 2423 898 2487 Romae,
925 2421 1120 2476 decimi
1151 2439 1296 2489 εἶξα,
1325 2441 1481 2492 quem
1501 2424 1821 2479 Basilianum

183 2524 528 2575 Vticamus,
559 2514 671 2567 hac
707 2514 1051 2582 supellectile
1079 2516 1379 2584 marginali
1420 2524 1644 2570 onustus
1665 2557 1680 2582 ,
1733 2519 1822 2584 qui

185 2597 280 2652 ιι
300 2603 687 2672 eptaleucbum
719 2603 990 2665 continet,
1030 2604 1122 2658 sed
1151 2613 1260 2656 tota
1296 2618 1426 2670 pene
1451 2603 1654 2658 Genesi
1673 2613 1824 2658 truno

182 2704 402 2747 catus
429 2705 531 2748 est.
558 2692 677 2747 Nec
719 2693 1219 2761 prmtcrmittendus
1259 2692 1454 2760 Regius
1504 2693 1635 2746 alter
1672 2711 1816 2747 num.

185 2781 212 2832 i
257 2782 410 2848 8'”,
441 2784 643 2837 decimi
682 2783 903 2845 sa2culi,
926 2798 993 2835 ex
1016 2782 1170 2850 cujus
1191 2783 1517 2852 marginibus
1544 2784 1706 2836 multa
1733 2799 1824 2837 ex-

184 2877 574 2944 ccrpsimus.
613 2876 771 2929 Inter
809 2875 1290 2944 praestantissimos
1319 2876 1703 2943 computandus
1733 2893 1824 2930 co-

186 2965 358 3018 (lex
392 2965 803 3034 Prophetarum
863 2963 1200 3018 bibliotheca:
1228 2962 1342 3018 RR.
1375 2963 1478 3016 PP.
1502 2963 1820 3019 Jesuitarum

192 3053 461 3123 collegii
515 3053 789 3106 Ludovici
823 3051 1008 3120 Magni
1032 3091 1048 3116 ,
1083 3051 1225 3105 unde
1257 3053 1423 3105 multa
1452 3053 1504 3106 in
1536 3051 1821 3107 Jeremiam

199 3157 248 3195 C
291 3142 682 3196 thechiclcm
736 3141 973 3193 mutuati
1001 3156 1241 3195 sumus:
1291 3156 1413 3194 nam
1449 3141 1666 3196 llesaias
1711 3143 1822 3211 jam

203 3233 432 3286 alitus
455 3247 485 3285 a
515 3231 735 3285 Joanne
771 3229 1251 3292 Curtcrio'fuerat,
1290 3239 1344 3285 ct
1389 3230 1440 3283 in
1470 3231 1672 3286 caneris
1703 3247 1825 3300 pro-

209 3323 434 3390 ;iielis
461 3323 568 3377 fere
598 3324 737 3376 nihil
765 3321 1170 3390 ‘marginalium
1201 3321 1692 3388 interpretationum
1727 3322 1824 3375 ba-

222 3407 439 3462 betur.
472 3410 674 3464 Praeter
704 3419 957 3463 veterum
987 3409 1342 3478 interpretum
1388 3409 1643 3466 lectiones
1669 3451 1683 3475 ,
1741 3412 1830 3469 hic

219 3501 503 3556 asterisci
534 3512 590 3556 et
637 3503 791 3555 obcl‘r
820 3501 1029 3569 passim
1060 3539 1076 3564 ,
1127 3515 1511 3569 nonnunquam
1542 3501 1596 3554 in
1639 3509 1784 3559 textu
1812 3545 1828 3568 ,

221 3592 459 3658 Ezepius
485 3591 538 3643 in
579 3591 934 3660 marginibus
970 3588 1316 3642 adnotantur.
1373 3587 1448 3641 Ex
1500 3589 1606 3647 hoc
1653 3595 1832 3648 codice

219 3679 420 3740 silum
452 3695 743 3749 excerpere
763 3686 1106 3748 poteramus,
1137 3678 1239 3733 nisi
1266 3679 1593 3747 prmcipitem
1623 3685 1671 3738 ei
1703 3700 1834 3754 ope-

215 3774 384 3821 ram
411 3770 534 3823 dare
567 3770 745 3823 coacti
777 3783 1034 3823 essemus
1064 3785 1078 3821 :
1125 3783 1244 3820 nam
1271 3768 1335 3821 ad
1367 3782 1601 3837 quatuor
1629 3783 1833 3828 tantum

216 3853 404 3918 dies,
438 3869 655 3927 rogante
683 3856 988 3912 Maecenate
1021 3866 1205 3910 nostro
1242 3872 1353 3913 cm.
1387 3863 1530 3915 card.
1549 3863 1834 3927 d‘Estrées,

212 3944 386 4012 ejus
414 3946 560 3998 nobis
596 3946 758 4013 cepia
795 3944 944 3998 facta
971 3952 1072 3998 est.
1108 3943 1494 4002 Mcmorandus
1525 3950 1645 4003 item
1672 3952 1834 4005 codex

209 4031 604 4090 Comei-tinus
636 4037 693 4089 in
724 4034 932 4089 Johum
953 4075 967 4098 ,
1023 4048 1216 4090 recens
1258 4037 1497 4106 quidem,
1537 4039 1628 4092 sed
1656 4055 1720 4092 ex
1750 4056 1838 4093 ve-

213 4125 394 4189 ‘eri,
419 4133 475 4178 ut
507 4125 775 4190 creditur,
807 4121 1146 4190 descriptus,
1175 4129 1316 4180 unde
1343 4128 1504 4180 multa
1530 4128 1594 4181 ad
1629 4129 1839 4182 institu-

231 4219 385 4265 ‘um
413 4223 648 4268 nostrum
682 4212 1001 4283 spectantia
1033 4217 1266 4269 mutuati
1293 4232 1499 4270 sumus.
1515 4214 1628 4270 Non
1662 4225 1838 4271 tacen-

239 4300 376 4354 dus
397 4303 518 4357 item
559 4303 912 4359 Barberinus
934 4306 994 4362 in
1033 4305 1350 4373 Prophetas,
1380 4306 1532 4374 cujus
1562 4307 1736 4362 varias
1767 4307 1841 4360 lc-

251 4393 479 4446 ctiunes
509 4394 562 4446 in
598 4393 928 4462 Appendice
961 4395 1384 4464 Polyglottorum
1422 4396 1584 4449 edidit
1615 4395 1841 4450 Brianus

1917 1965 2430 2023 Commentariorum
2459 1963 2513 2016 in
2547 1961 2680 2015 alias
2721 1958 3008 2026 Scriptum
3036 1966 3229 2025 partes.
3260 1953 3435 2018 Quare

1918 2069 2108 2125 magno
2141 2053 2368 2108 nobisin
2397 2052 2481 2105 bis
2504 2049 2721 2106 edendis
2747 2046 2985 2103 subsidio
3005 2045 3123 2098 fuit.

1985 2167 2335 2230 Arnmssms,
2367 2163 2615 2231 Hexaplis
2640 2177 2747 2216 non
2802 2161 2872 2213 ita
2926 2159 3230 2226 frequenter
3261 2172 3391 2210 usus
3418 2197 3433 2220 ,

1918 2255 2070 2311 binas
2093 2266 2266 2309 tamen
2294 2254 2496 2321 Aquilae
2517 2253 2772 2306 lectiones
2802 2246 3152 2316 suppeditavit
3176 2265 3190 2309 ;
3216 2247 3438 2298 alteram

1919 2344 2126 2397 inlibro
2150 2343 2236 2396 cui
2268 2342 2452 2396 titulus
2483 2357 2496 2393 :
2532 2338 2718 2394 Omnia
2738 2337 2862 2388 mihi
2898 2336 3089 2388 tradita
3118 2343 3233 2386 sunt
3259 2349 3292 2385 a
3331 2330 3440 2384 Pa-

1923 2444 2029 2497 tre;
2058 2434 2274 2487 alteram
2301 2433 2352 2485 in
2385 2429 2774 2485 Commentariis
2803 2428 2855 2479 in
2889 2425 3146 2478 Psalmos.

1988 2525 2324 2587 CHALCIDIUS,
2350 2521 2442 2591 qui
2461 2536 2526 2574 an
2553 2519 2908 2582 Christianus,
2930 2533 2995 2570 an
3023 2515 3230 2586 gentilis
3259 2514 3438 2577 fuerit,

1920 2613 2180 2667 incertum
2206 2619 2308 2673 est,
2337 2610 2521 2663 eodem
2545 2607 3040 2673 circiter-tempore,
3085 2602 3439 2671 Hexaplorum

1920 2703 2094 2756 locutu
2127 2699 2322 2760 attulit,
2355 2706 2412 2751 ut
2441 2697 2619 2750 videas
2651 2695 2706 2748 in
2739 2692 3000 2763 principio
3041 2691 3282 2745 Genesis.
3341 2689 3442 2742 Alii

1921 2806 2044 2844 cum
2071 2799 2224 2843 aetate
2248 2789 2403 2857 longe
2440 2786 2790 2855 posteriorem
2843 2797 2960 2838 esse
3009 2791 3220 2851 putant;
3271 2781 3361 2835 sed
3392 2780 3444 2835 id

1921 2881 2214 2948 disquirere
2235 2896 2340 2935 non
2373 2888 2455 2932 est
2484 2877 2759 2946 praesentis
2785 2873 3029 2928 instituti.

1988 2971 2250 3025 Asrsntus
2279 2970 2538 3038 sophista,
2568 2968 2658 3036 qui
2683 2967 2865 3020 eodem
2881 2979 3016 3034 pene
3043 2972 3276 3030 tempore
3304 2959 3478 3014 Com»

1922 3062 2172 3126 mentaria
2194 3061 2248 3113 in
2263 3058 2501 3113 Psalmos
2535 3055 2826 3116 adornavit,
2849 3070 2913 3108 an
2936 3051 3188 3119 Hemplis
3209 3049 3280 3102 sit
3295 3063 3448 3114 usus,
3468 3100 3473 3105 .

1924 3164 2110 3213 necne,
2146 3148 2381 3204 nondum
2411 3148 2483 3200 ita
2516 3154 2850 3215 perspectum
2883 3149 2982 3195 est.

1995 3237 2229 3292 Dmrnus
2245 3250 2436 3298 caecus,
2461 3231 2869 3294 Alexandrinus,
2889 3226 3242 3296 Hexaplornm
3270 3224 3452 3278 lectio-

1931 3347 2026 3385 nes
2047 3331 2100 3383 in
2134 3325 2548 3384 Commentariis
2579 3323 2691 3379 suis
2721 3320 2913 3385 attulit,
2945 3320 3038 3372 sed
3090 3315 3303 3371 non-ita
3338 3314 3461 3368 fre-.-

1932 3428 2174 3489 quenter.

2003 3506 2315 3562 Tueononus
2340 3503 2668 3567 Heracleota,
2692 3501 2943 3563 Arianus,
2993 3497 3223 3565 chapla
3254 3493 3464 3564 passim

1937 3599 2201 3660 adhibuit,
2236 3611 2404 3664 eaque
2431 3596 2584 3649 docte
2615 3591 2881 3656 tractavit,
2915 3599 2974 3644 ut
3020 3588 3202 3643 multis
3230 3588 3283 3640 in
3324 3585 3456 3639 locis

1937 3689 2121 3742 videre
2148 3696 2248 3741 est.
2281 3685 2409 3753 Ejus
2435 3682 2951 3738 Commentariorum
2973 3709 2982 3713 -
3003 3678 3293 3747 fragmenta
3326 3676 3457 3728 bene

1939 3777 2106 3831 multa
2135 3784 2346 3830 exstant
2377 3776 2428 3828 in
2462 3773 2676 3828 Catenis
2697 3770 2878 3826 variis.

1999 3864 2585 3942 EusemusITEmesenus
2637 3863 2694 3915 in
2748 3857 3174 3920 Commentariis,
3229 3868 3457 3924 quorum

1941 3953 2231 4023 fragmenta
2257 3945 2464 4005 Catena:
2495 3951 2764 4012 exhibent,
2794 3947 3043 4016 Hexaplis
3069 3957 3149 3999 est
3189 3960 3336 4005 usus.
3369 3943 3460 3996 sed

1942 4059 2086 4106 raro,
2118 4052 2180 4096 ut
2211 4042 2438 4095 videtur.

2010 4133 2258 4186 [humus
2289 4131 2451 4186 semel
2473 4129 2701 4198 Hexapl‘a
2745 4141 3030 4196 usurpasse
3057 4120 3461 4193 deprehenditur

1944 4223 2319 4278 Commentario
2339 4223 2394 4275 in’
2422 4221 2680 4276 P'salmos.

2015 4313 2268 4368 EUSEBLUS
2301 4309 2650 4365 Vercellensis
2690 4305 3096 4363 Commentarios
3151 4301 3360 4355 Eusebii
3410 4300 3462 4353 in

1944 4401 2180 4476 Psalmos
2210 4399 2396 4453 Latine
2425 4398 2712 4464 transtulit,
2763 4395 3075 4451 lectionibus
3114 4391 3471 4459 llexaplorum

291 4478 579 4536 Waltonus.
602 4482 681 4537 De
706 4484 838 4539 aliis
859 4486 1254 4553 manuscriptis
1281 4485 1502 4538 minoris
1519 4485 1691 4554 pretii,
1709 4501 1847 4553 quos.
1874 4513 1916 4566 ο
1945 4505 2237 4559 respersos.

273 4583 401 4622 Tum
427 4588 677 4642 magnam
707 4577 926 4646 copiam
950 4575 1097 4629 nacti
1130 4590 1342 4636 sumus,
1376 4575 1426 4626 in
1461 4574 1631 4629 fronte
1663 4576 1844 4642 singu-

301 4658 454 4714 lorum
481 4662 750 4719 librorum
781 4675 969 4719 actum
1013 4673 1116 4719 est.
1147 4663 1240 4716 Ila:
1282 4663 1438 4716 nobis
1473 4663 1842 4734 chaplarium

305 4747 794 4819 interpretationum
821 4754 1070 4822 reliquia:
1105 4759 1399 4819 supersunt
1443 4752 1496 4804 in
1543 4755 1845 4808 manuscri-

306 4840 416 4904 ptis.
445 4840 574 4897 Nam
606 4843 852 4912 Hexapla
886 4845 1030 4912 ipsa,
1065 4851 1128 4894 ut
1157 4842 1226 4894 ab
1259 4839 1482 4908 Origene
1532 4843 1848 4897 concinnata

307 4923 515 4996 fuerant,
548 4933 622 4985 ita
664 4931 918 4984 funditus
972 4929 1264 4998 perierunt
1291 4966 1306 4990 ,
1340 4935 1396 4979 ut
1446 4943 1511 4980 ne
1539 4931 1847 4997 particulam

308 5017 496 5082 quidem
515 5037 702 5075 eorum
738 5020 837 5074 ulli
871 5019 1095 5086 uspiam
1121 5016 1430 5084 conspicere
1451 5017 1673 5073 licuerit.

309 5124 380 5181 111.
402 5131 619 5197 Quinam
647 5149 714 5187 ex
727 5130 1105 5202 scriptoribus
1123 5127 1482 5202 ecclesiasticis
1503 5130 1852 5202 Hexaplornm

859 5198 1022 5250 libris
1054 5197 1168 5248 sint
1201 5198 1302 5248 usi.

363 5284 546 5344 Praeter
568 5289 796 5344 codices
826 5285 1260 5351 manuscriptos
1283 5325 1298 5349 ,
1337 5288 1469 5342 unde
1513 5300 1744 5345 veterum
1779 5294 1856 5348 in-

299 5381 738 5447 terpretationmn-
765 5393 900 5446 pars
937 5389 1156 5442 magna
1191 5374 1380 5441 prodit,
1414 5379 1641 5448 amplam
1694 5382 1854 5437 nobis

294 5479 503 5538 segetem
535 5471 866 5524 obtulerunt
919 5464 1271 5531 scriptorum
1305 5475 1523 5522 veterum
1565 5471 1856 5527 Commen-

293 5561 416 5622 tarii,
451 5562 540 5628 qui
564 5577 669 5627 pro
709 5559 919 5610 litterae
957 5566 1144 5604 sensu
1195 5558 1508 5622 assequendo
1534 5561 1858 5631 plerumque

285 5647 486 5712 Aquibr,
527 5643 880 5717 Symmachi,
919 5638 1330 5694 Theodotionis
1345 5643 1658 5718 aliorumque
1683 5651 1860 5706 inter-

291 5741 772 5796 thnmlectioncs
823 5739 1220 5797 usurparunt.
1252 5733 1320 5789 De
1347 5735 1553 5806 singulis
1575 5759 1743 5813 porro
1783 5746 1856 5801 iis

2015 4579 2278 4634 Diononus
2299 4577 2599 4642 Tarsensis,
2625 4577 2676 4630 in
2735 4588 2884 4630 sacra
2918 4571 3188 4640 Scriptura
3217 4565 3468 4635 .apprime

1944 4678 2210 4735 versatus,
2235 4669 2589 4738 Hexaplorum
2610 4666 2849 4721 notitiam
2874 4665 3082 4733 plenam
3110 4659 3356 4713 habuisse
3381 4655 3464 4708 vi-

1945 4761 2118 4824 detur,
2150 4768 2209 4812 ut
2237 4773 2301 4812 ex
2319 4758 2435 4826 ejus
2464 4756 2774 4826 fragmentis
2793 4769 2911 4824 quas
2948 4752 3001 4805 in
3028 4748 3470 4814 Catenis-~super-

1949 4859 2093 4913 sunt,
2119 4848 2546 4918 deprehenditur.

2018 4941 2331 4994 EPIPHANIUS
2363 4936 2545 5007 Cypri,
2568 4935 2819 4989 lectiones
2862 4938 3098 4984 veterum
3127 4928 3473 4994 interpretum

1950 5047 2054 5086 non
2087 5029 2251 5085 semel
2279 5028 2474 5090 attulit,
2501 5036 2552 5080 et
2593 5023 2876 5078 Historiam
2910 5019 3260 5089 Ilexaplorum
3285 5017 3476 5088 partim

1952 5137 2014 5177 ex
2044 5120 2289 5190 Origene,
2318 5126 2377 5171 ut
2408 5117 2634 5176 videtur,
2679 5119 2972 5176 mutuatus,
3025 5110 3140 5164 fuse
3175 5109 3472 5177 descripsit.

2018 5210 2258 5264 Basmus
2279 5204 2620 5260 Caesariensis
2660 5201 2974 5269 hexaplares
3022 5199 3480 5268 interpretationes

1956 5314 2142 5368 parum
2173 5293 2434 5351 tractavit.

2023 5389 2319 5444 Caesonius
2345 5384 2465 5435 item
2501 5377 2790 5448 Nyssenus,
2830 5379 2950 5450 ejus
2996 5379 3176 5441 frater,
3237 5372 3483 5440 Hexaplis

1957 5497 2080 5534 raro
2108 5493 2236 5533 USUS
2267 5481 2368 5528 εει.

2027 5572 2407 5622 APOLLINARIUS
2432 5559 2760 5612 Laodicenus
2815 5561 2872 5614 in
2909 5552 3320 5615 Commentariis
3380 5544 3492 5598 suis

1963 5657 2314 5724 llexaplorum
2343 5649 2591 5704 lectiones
2624 5647 2948 5714 parcissime
2977 5643 3169 5701 attulit.

2031 5723 2336 5801 Anhaosms
2384 5737 2794 5792 Mediolanensis
2844 5739 3110 5793 modicum
3147 5723 3496 5790 chapioram
