3878 6354
650 483 810 562 με),

1963 480 2463 534 PRJELIMINARIA
3699 477 3706 527 l

649 607 758 646 σου.
806 591 922 646 Hmc
967 593 1182 645 omnino
1228 594 1534 648 verisimilia
1574 607 1717 649 sunt.
1762 596 1817 648 Si
1849 607 2021 650 tamen
2062 598 2164 650 alio
2195 603 2236 656 Α
2264 605 2620 650 commentum
2645 597 2708 649 de
2740 596 2908 649 tribus
2940 593 3274 648 editionibus
3308 591 3420 659 jam
3465 590 3702 645 exsuﬁlat

649 684 804 736 modo
832 692 880 735 te
907 683 1152 750 expedire
1187 685 1346 747 velis,
1376 699 1504 738 cave
1539 685 1685 738 dicas
1721 701 1952 754 unquam
1974 729 1989 746 ,
2034 689 2082 738 οἱ
2115 689 2164 738 Γν

647 787 748 826 non
777 772 1073 839 signiﬁcare
1102 774 1189 839 A.,
1217 775 1298 836 Σ.,
1323 775 1407 840 Θ.,
1445 776 1496 828 id
1526 776 1717 843 quippe
1748 792 1852 828 non
1895 777 2018 830 licet
2047 787 2165 844 post

646 867 722 912 tot
740 859 896 911 allata
926 861 1251 915 testimonia.
1273 861 1534 916 Cazterum
1564 864 1709 932 ὅμως
1745 865 1881 918 male
1922 880 1951 916 a
1987 863 2168 917 Curte—

645 950 724 1002 rio
752 949 944 1004 lectum
975 950 1139 1003 fuisse
1162 967 1258 1019 pro
1291 953 1507 1021 ὁμοιως,
1534 969 1672 1021 saepe
1693 953 2046 1008 ostendimus.
2073 954 2167 1008 llic

643 1040 797 1092 etiam
823 1041 960 1093 male
983 1043 1282 1112 κατάδυμα,
1311 1059 1406 1112 pro
1438 1044 1717 1113 κατάλυμα
1743 1045 1932 1112 legitur
1951 1085 1966 1109 ,
1998 1055 2054 1098 ut
2081 1046 2168 1099 ob-

642 1137 815 1184 servat
847 1128 1148 1185 Waltonus.

711 1220 953 1274 Alterum
1004 1220 1237 1276 Waltoni
1289 1231 1654 1292 argumentum
1706 1224 2001 1291 hujusmodi
2041 1233 2165 1278 est:

643 1306 774 1359 Dein
801 1325 916 1376 cap.
946 1326 1070 1373 mi,
1107 1313 1158 1378 ᾖ.
1194 1313 1245 1375 9,
1285 1313 1350 1363 ad
1382 1328 1548 1364 vocem
1573 1312 1842 1364 ἀνατεῖλαι
1864 1328 1976 1364 cum
2008 1341 2065 1366 -.-—
2095 1312 2167 1364 sic

642 1415 694 1452 se
727 1399 878 1452 habet
905 1417 1116 1469 margo:
1140 1403 1199 1453 Οἱ
1232 1402 1269 1452 Γ
1270 1409 1302 1466 ’,
1326 1403 1684 1470 ἀναγγεῖλαι,
1718 1404 1778 1455 Θ.
1801 1401 2166 1468 βλαστῆσαι,

642 1489 704 1539 Α.
734 1487 1104 1556 ἀναφυῆναι;
1136 1505 1301 1542 nonne
1333 1491 1440 1545 haec
1483 1501 1627 1544 tanta
1679 1501 1882 1559 tamque
1924 1491 2170 1542 distincta

642 1578 1095 1644 intepretationum
1111 1581 1334 1633 varietas
1360 1582 1657 1632 varietatem
1680 1581 1852 1648 arguit
1877 1583 2170 1634 auctorum?

713 1664 836 1720 Hice
861 1669 906 1721 si
937 1669 1237 1722 accuratius
1267 1670 1626 1724 examinassct
1654 1667 1957 1732 Waltonus,
1999 1670 2170 1722 mani-

644 1755 775 1810 festa
796 1757 878 1810 vel
905 1757 1107 1811 librarii
1138 1759 1220 1812 vel
1242 1758 1470 1812 Curterii
1509 1760 1699 1812 menda
1731 1759 1838 1813 duo
1877 1758 2170 1825 deprehen-

645 1847 833 1901 dissm.
863 1847 1096 1902 Primum
1125 1860 1228 1913 est,
1249 1851 1407 1919 quod
1431 1851 1478 1902 οἱ
1518 1851 1568 1900 Γ¹
1604 1851 1812 1918 legatur
1844 1864 1942 1917 pro
1972 1851 2047 1914 0',
2080 1848 2165 1910 C.,

646 1935 700 1988 id
735 1945 816 1989 est
854 1935 990 1989 LXX
1019 1946 1070 1990 et
1094 1937 1463 2006 Symmachus,
1495 1953 1611 2006 qua:
1635 1937 1856 1991 mutatio
1896 1937 2084 1990 facilis.
2113 1934 2167 1988 ld
2198 1921 2239 1973 Β

645 2039 776 2079 vero
806 2025 961 2079 docet
1007 2027 1190 2080 eadem
1222 2027 1536 2080 Gurteriana
1583 2027 1764 2092 editio,
1809 2026 1897 2080 ubi
1942 2026 2007 2078 ad
2058 2026 2169 2079 haec

644 2109 805 2162 verba
834 2110 1022 2178 legitur
1047 2114 1101 2165 in
1133 2111 1514 2165 Commentario
1544 2112 1809 2181 Procopii,
1832 2116 1859 2165 ό
1885 2111 2169 2182 Σύμμαχος

643 2195 814 2265 εἶπεν,
843 2202 947 2271 πρὸ
963 2202 1053 2254 τοῦ
1081 2204 1411 2270 ἀναγγεῖλαι,
1434 2213 1536 2258 etc.
1586 2203 1886 2257 Secundum
1921 2202 2168 2256 mendum

644 2298 747 2354 est,
776 2291 918 2358 quod
951 2292 1232 2360 utrobique
1266 2293 1469 2359 legatur
1505 2293 1813 2360 ἀναγγεῖλαι
1845 2307 1939 2360 pro
1965 2293 2171 2345 ἀνατεί-

643 2375 752 2441 λαι,
791 2395 1062 2446 nunquam
1093 2383 1233 2433 enim
1269 2397 1449 2435 vocem
1477 2393 1721 2441 mnuum
1745 2384 1988 2436 vertisset
2018 2381 2172 2451 Sym-

645 2471 870 2524 machus
893 2471 1218 2536 ἀναγγεῖλαι.
1269 2471 1451 2539 Itaque
1473 2483 1649 2526 notam
1680 2475 1758 2528 sic
1801 2475 1944 2542 legas
1984 2478 2060 2539 0',
2087 2475 2170 2536 Σ.,

643 2559 976 2621 ἀνατεῖλαι,
1003 2562 1062 2613 Θ.
1116 2559 1456 2626 ,ϐλαστῆσαι
1481 2602 1496 2625 ,
1543 2563 1605 2614 Α.
1642 2563 1994 2630 ἀναφυῆναι.
2039 2561 2170 2615 Nam

647 2647 787 2700 LXX
822 2657 879 2701 ut
907 2648 1261 2718 Symmachus
1277 2653 1544 2703 ἀνατεῖλαι
1574 2653 1821 2719 primitus
1849 2653 2100 2706 habuere.

717 2739 953 2793 Tertium
975 2751 1346 2810 argumentum
1373 2743 1570 2810 profert
1589 2743 1866 2796 Waltonus
1893 2743 2169 2811 :Denique,

651 2829 751 2892 ait,
781 2847 894 2898 cap.
927 2847 1070 2894 LXVI,
1111 2849 1156 2884 υ.
1185 2833 1238 2896 8,
1289 2833 1356 2884 ad
1395 2851 1536 2886 voces
1563 2836 1608 2885 εἰ
1639 2835 1728 2885 καί
1774 2833 1865 2886 sub
1899 2847 1960 2887 -ε-
1995 2850 2172 2901 margo

647 2922 722 2972 sic
747 2920 916 2984 habet,
948 2923 1132 2992 Ὅμως
1151 2925 1200 2976 οἱ
1224 2927 1299 2986 0',
1329 2924 1382 2992 ἢ.
1411 2925 1554 2993 ὅμως
1585 2941 1641 2975 τε
1667 2925 1753 2986 Α.,
1782 2923 1865 2982 6.,
1899 2923 2031 2975 unde
2053 2939 2174 2975 con-

649 3018 753 3060 stat
780 3009 1023 3078 Aquilam
1051 3011 1232 3062 saltem
1259 3021 1305 3063 et
1339 3011 1729 3064 Theodotionem
1765 3027 1862 3062 non
1889 3012 2056 3062 minus
2090 3011 2174 3061 di-

645 3110 816 3151 uersos
839 3115 948 3157 esse
980 3116 1011 3152 a
1037 3103 1146 3162 τοῖς
1173 3101 1223 3151 Γ¹
1247 3118 1401 3169 quam
1428 3105 1473 3153 οἱ
1506 3105 1557 3154 0'
1587 3112 1724 3155 sunt.
1757 3100 1934 3169 (Forte
1948 3117 2036 3168 per
2062 3101 2108 3151 oi.
2126 3100 2173 3150 Γ⁹

2265 697 2362 740 eSl.

2333 775 2481 840 Quod
2515 776 2577 827 ad
2617 784 2792 828 notam
2815 791 2941 828 vero
2982 775 3200 836 attinet,
3239 773 3363 825 dico
3408 771 3480 823 ita
3527 771 3702 837 legend

2264 878 2402 923 esse,
2444 863 2666 932 Ὁμοίως
2690 864 2736 914 οἱ
2758 863 2828 924 Ρ,
2859 864 2907 914 οἱ
2932 865 3007 923 Ο¹,
3041 862 3072 929 ἢ
3100 859 3305 928 ὁμοίως
3351 861 3462 920 τοῖς
3503 860 3602 920 A’.,
3633 859 3706 910 Θ..

2265 954 2461 1022 passim
2511 954 2762 1021 probatur
2809 954 2860 1005 in
2914 954 3056 1005 notis
3119 952 3186 1004 ad
3232 950 3534 1002 Ilesaiam:
3587 963 3701 1000 nam

2266 1042 2623 1096 Marcbaliano
2657 1041 2858 1106 codice,
2898 1041 2986 1094 ubi
3020 1041 3171 1108 ὅμως
3199 1038 3434 1106 legitur,
3470 1045 3589 1104 post
3616 1035 3681 1088 Μ.

2266 1149 2359 1201 pra
2398 1132 2645 1186 scribitur
2670 1131 2864 1183 lineola
2894 1145 3014 1198 qua:
3033 1128 3309 1197 signiﬁcat
3340 1143 3388 1178 οι
3423 1145 3437 1179 :
3466 1124 3706 1193 quamohi

2267 1223 2539 1292 legendum
2568 1221 2791 1290 ὁμοίως·
2828 1220 2915 1272 ubi
2943 1218 3231 1272 Curterius
3283 1215 3410 1282 legit
3451 1230 3509 1265 τε
3528 1253 3543 1278 ,
3575 1215 3615 1264 Τ
3639 1213 3706 1265 sol

2268 1312 2509 1373 habetur,
2565 1325 2726 1377 supra
2757 1309 2929 1376 posita
2967 1321 3201 1360 recurva
3261 1305 3427 1366 linea,
3489 1317 3607 1370 quae
3651 1301 3706 1354 eﬁ

2268 1401 2546 1453 articulum
2578 1403 2706 1461 τοῖς,
2731 1409 2789 1451 ut
2830 1399 2968 1466 ipsis
2996 1397 3173 1451 oculis
3218 1393 3449 1461 inspexi.
3489 1390 3598 1445 Hac
3641 1408 3700 1460 po

2267 1490 2490 1543 lectione
2516 1490 2635 1542 dico
2669 1490 2892 1557 primam
2923 1495 3108 1539 notam
3145 1484 3380 1553 Ὁμοίως
3396 1483 3445 1534 οἱ
3468 1483 3518 1534 I"
3551 1484 3628 1535 vel
3653 1497 3706 1550 pe

2268 1595 2389 1632 nere
2419 1580 2482 1632 ad
2528 1580 2755 1646 aliquam
2779 1593 2962 1631 vocem
2991 1577 3146 1644 prius
3179 1576 3414 1642 positam
3438 1613 3452 1636 ,
3493 1574 3574 1627 vel
3613 1575 3705 1642 sig:

2268 1684 2387 1722 care
2418 1681 2523 1722 tres
2551 1669 2859 1736 interpretes
2913 1669 2960 1719 si
3008 1665 3100 1718 καί
3145 1665 3367 1728 habere,
3423 1664 3493 1716 ita
3539 1672 3705 1716 tamen

2266 1761 2314 1811 οἱ
2342 1761 2394 1811 0'
2427 1759 2458 1828 ἢ
2488 1759 2681 1827 ὁμοίως
2700 1760 2807 1820 τοῖς
2846 1759 2931 1820 A.,
2964 1757 3025 1809 Θ.
3062 1755 3115 1809 id
3149 1763 3254 1821 est,
3290 1753 3431 1808 LXX
3460 1762 3512 1807 et
3537 1753 3706 1826 ᾼιιυίιε

2271 1848 2624 1918 Τὴεοάοιίοῆ
2663 1863 2758 1916 pro
2784 1850 2830 1900 ei
2855 1847 3109 1901 habeant.
3149 1846 3218 1899 Ut
3267 1855 3326 1898 ut
3361 1860 3488 1899 vero
3524 1845 3614 1905 sit,
3658 1859 3706 1896 er

2270 1955 2379 1993 rem
2408 1939 2606 1992 librarii
2634 1940 2714 1992 his
2742 1940 2793 1992 in
2826 1939 3042 1992 casibus
3081 1938 3265 2006 potius
3294 1938 3582 2006 suspiceris
3601 1975 3615 1998 ,
3649 1952 3706 2004 qu

2268 2043 2376 2082 rem
2413 2029 2530 2081 luce
2578 2029 2855 2082 clariorem
2908 2042 3093 2095 neges,
3147 2027 3400 2080 videlicet
3449 2027 3569 2088 τοὺς
3615 2025 3706 2076 Pe

2267 2117 2534 2185 Aquilam,
2559 2115 2935 2185 Symmachum
2969 2124 3025 2169 et
3062 2115 3513 2169 Theodotionem.

2335 2206 2487 2259 Certe
2509 2206 2758 2258 librarios
2787 2206 2838 2258 in
2865 2205 3184 2273 huiusmodi
3211 2205 3355 2259 notis
3379 2220 3484 2258 non
3516 2203 3706 2272 inlrequ

2270 2303 2346 2347 ter
2364 2310 2543 2348 errare
2563 2296 3038 2363 deprehendimus,
3064 2295 3369 2349 utCoislin.
3397 2295 3621 2348 eximius
3647 2309 3704 2346 co

2269 2383 2332 2435 ΙΙΙ
2363 2384 2489 2453 Reg.
2525 2401 2613 2448 xv,
2649 2384 2713 2437 12
2742 2403 2754 2438 :
2783 2388 2858 2448 0',
2887 2385 2962 2450 I",
2991 2386 3091 2448 τὰς
3116 2385 3340 2447 τελετὰς
3366 2424 3381 2447 ,
3420 2385 3612 2454 ὁμοίως
3651 2385 3693 2434 οἱ

2270 2475 2358 2528 ubi
2383 2477 2468 2528 illa
2503 2476 2743 2544 repetitio
2773 2474 2863 2528 τοῦ
2891 2477 2943 2527 I"
2970 2477 3105 2530 vitio
3137 2477 3357 2532 inducta
3393 2475 3529 2540 fuit;
3571 2485 3620 2527 et
3663 2472 3706 2524 Vs

2269 2581 2435 2619 canus
2467 2567 2654 2634 psalm.
2692 2583 2799 2629 xw,
2832 2567 2886 2629 ‘2,
2917 2568 2972 2620 in
3004 2568 3120 2620 haec
3149 2569 3313 2621 verba
3350 2569 3396 2619 οἱ
3432 2564 3679 2634 ὀφθαλμοί

2270 2655 2347 2709 sic
2367 2665 2511 2708 notat
2538 2674 2551 2708 :
2591 2661 2680 2720 A.,
2711 2658 2794 2718 Σ.,
2815 2656 2901 2718 Θ.,
2929 2658 3130 2726 ὁμοίως
3181 2659 3231 2708 οἱ
3258 2658 3310 2708 Γ¹
3331 2698 3345 2722 ,
3382 2668 3675 2726 quanquam

2271 2753 2412 2798 recte
2433 2745 2682 2812 explicari
2718 2747 2910 2812 possit,
2946 2747 3160 2814 Aquila,
3191 2745 3531 2815 Symmachus
3568 2754 3613 2796 et
3645 2739 3706 2794 Th

2271 2833 2432 2891 datio,
2471 2842 2569 2886 tres
2601 2834 2841 2886 similiter
2855 2833 3072 2899 habent,
3104 2837 3251 2904 quod
3277 2836 3350 2889 ita
3368 2835 3568 2889 Gallice
3587 2847 3705 2900 expr

2272 2923 2462 2984 valeat,
2498 2922 2720 2990 Aquila,
2747 2920 3069 2992 Symmaque
3114 2935 3164 2976 et
3201 2923 3518 2977 Theodotian
3566 2928 3646 2974 ont
3689 2928 3702 2969 t

2274 3011 2400 3061 trois
2424 3009 2484 3061 de
2516 3010 2690 3062 me‘me.
2718 3008 2838 3063 Haec
2855 3011 3111 3078 pluribus
3138 3012 3390 3080 persequi
3417 3023 3628 3064 necesse
3653 3007 3706 3060 du

2273 3115 2414 3161 mus,
2438 3115 2505 3153 ne
2534 3100 2884 3153 eruditissimi
2924 3102 3061 3155 etde
3095 3102 3365 3170 republica
3396 3099 3640 3153 litteraria
3672 3095 3705 3148 bi

652 3198 754 3240 tres
775 3189 1044 3254 editiones,
1074 3189 1309 3260 Origenis
1337 3193 1413 3244 vel
1437 3192 1663 3255 Eua-abii,
1691 3191 1908 3243 Luciani
1937 3200 1984 3242 et
2011 3189 2175 3257 Hesy-
2200 3219 2239 3275 Ο
2273 3189 2449 3242 meriti
2481 3188 2580 3242 viri
2609 3195 2804 3242 conatu
2828 3204 2858 3242 a
2894 3206 3023 3245 vera
3059 3191 3324 3246 sententia
3354 3189 3565 3259 quidam
3589 3183 3706 3238 abdu

645 3278 752 3329 ﬁlii
779 3279 1130 3338 άεηοιιηιην.)
1157 3279 1737 3336 HactenusWaltonus.
1760 3279 2030 3334 Posterius
2049 3293 2171 3332 vero

2195 3435 2261 3449 ιι,-

2275 3288 2422 3333 centu
2431 3295 2473 3332 Γ.

1611 3558 1976 3647 CAPUT
2049 3557 2788 3648 UNDECIMUM.

649 3872 688 3924 ι.
711 3872 1037 3932 Hexaplorum
1059 3869 1327 3931 apographa
1347 3882 1583 3932 perpauca
1607 3868 1726 3917 facta
1749 3875 1879 3932 sunt,
1918 3882 2083 3932 quare.
2119 3866 2721 3932 11.γνοῖ-ἱεῖςνῌεξαιρξοιηπῐι⁸
2744 3864 2988 3932 lectiones
3015 3867 3066 3932 in
3099 3867 3396 3932 marginibus
3418 3865 3669 3932 Bibliorum
3700 3877 3706 3909 ‹

744 3923 896 3981 ιεοιώ.
921 3931 1002 3980 Ill.
1027 3923 1308 3988 Qu'inam'ex
1331 3923 1643 3991 scriptoribus
1664 3923 2004 3979 ecclesiasticis
2026 3931 2351 3991 Hexaplorum
2371 3929 2503 3976 libris
2523 3923 2628 3974 ’siut
2652 3923 2741 3973 usi.
2769 3923 2854 3972 IV.
2882 3928 3194 3985 Quandonam
3206 3923 3428 3988 Hexapla
3449 3926 3687 3988 perierint.

647 4071 689 4124 ι.
722 4070 1068 4138 Hexaplarum
1092 4069 1387 4136 apographa
1403 4084 1656 4136 perpauca
1676 4068 1815 4135 facta
1835 4078 1974 4132 sunt,
1995 4083 2171 4136 quare.

719 4161 940 4224 Quanta:
974 4158 1133 4210 fuerit
1177 4173 1352 4225 opera:
1405 4156 1634 4225 Hexapla
1682 4155 1924 4226 Origenis
1971 4159 2172 4224 integra

647 4249 971 4312 describere,
991 4257 1042 4299 et
1075 4261 1159 4300 res
1197 4247 1309 4314 ipsa
1341 4262 1432 4313 per
1459 4261 1517 4299 se
1538 4247 1732 4299 clamat
1760 4283 1776 4308 ,
1829 4255 1881 4298 et
1919 4245 2173 4314 Hierony-

649 4354 771 4391 mus
793 4338 1120 4398 testiﬁca-tur,
1143 4335 1234 4404 qui
1262 4336 1338 4388 ait
1361 4334 1678 4389 Praelatione
1700 4336 1752 4388 in
1776 4334 1965 4387 librum
1990 4333 2170 4400 Iosue,

650 4427 882 4496 Hexapla
921 4435 1133 4494 sumptu
1163 4434 1216 4478 et
1253 4425 1433 4479 labore
1458 4425 1690 4478 maximo
1738 4425 1990 4492 indigere.
2035 4422 2175 4478 Sane

2277 4080 2436 4134 quam
2471 4063 2744 4117 minimam
2771 4075 2911 4116 sane
2941 4071 3117 4116 textus
3154 4060 3342 4116 Biblici
3371 4071 3567 4128 partem
3591 4059 3706 4124 singl

2278 4153 2330 4204 in
2364 4151 2568 4220 paginis
2599 4148 2780 4202 haberi
2819 4165 3041 4204 necesse
3085 4150 3224 4204 fuit:
3261 4149 3456 4219 quibus
3505 4162 3706 4217 perpcns

2277 4242 2362 4293 vix
2401 4238 2781 4308 quinquaginta
2852 4240 3041 4308 amplae
3095 4239 3252 4294 molis
3284 4239 3632 4293 voluminibus
3659 4249 3706 4287 cc

2276 4328 2528 4398 prehendi
2559 4324 2787 4394 llexapla
2828 4329 3009 4382 omnia
3039 4328 3282 4397 potuisse
3316 4327 3620 4400 putaverim.
3650 4324 3705 4377 Ct

2276 4435 2380 4488 que
2409 4419 2520 4486 ipse
2556 4415 2841 4485 Origenes,
2874 4421 2965 4488 qui
3013 4422 3220 4489 primus
3252 4420 3602 4490 Hexaplorum
3643 4431 3705 4482 op

645 4517 826 4586 quivis
857 4516 1123 4583 etmjicere
1150 4517 1288 4570 valet
1318 4515 1500 4584 quanti
1549 4515 1748 4568 laboris
1794 4513 1954 4568 fuerit
1977 4515 2174 4570 Griecis
2205 4516 2248 4571 Β
2278 4518 2546 4576 Sumptum
2573 4507 2969 4574 suppeditante,
3001 4519 3062 4563 ut
3097 4521 3338 4580 putatur,
3365 4511 3657 4572 Ambrosio,
3677 4521 3700 4558 c

649 4605 1012 4674 calligraphis,
1038 4602 1204 4657 Biblia
1239 4617 1391 4658 sacra
1431 4604 1661 4671 primum
1696 4602 1952 4657 Hebraica
1977 4604 2173 4674 lingua,

648 4712 807 4766 quam
843 4707 902 4751 ut
930 4698 1216 4766 plurimum
1240 4698 1573 4767 ignorabant,
1591 4697 1899 4766 depingere;
1922 4694 2176 4750 Hebraica

649 4788 840 4844 deinde
865 4789 1064 4845 Graecis
1092 4789 1283 4844 litteris
1308 4804 1338 4842 e
1363 4791 1578 4860 regione
1600 4789 1960 4858 perscribere;
1996 4796 2178 4856 postea

650 4892 776 4930 vero
808 4887 1039 4946 quatuor
1079 4889 1137 4932 ut
1175 4880 1477 4944 minimum,
1515 4879 1801 4949 aliquando
1852 4892 1944 4930 sex
1981 4877 2060 4930 vel
2095 4892 2178 4931 se-

650 4973 791 5032 ptem
819 4965 1159 5034 interpretum
1183 4968 1459 5030 editiones.
1485 4983 1593 5020 uno
1617 4974 1926 5034 conspectu,
1948 4974 1999 5018 et
2025 4979 2054 5018 e
2090 4981 2174 5017 re-

651 5056 810 5126 gione
833 5071 1048 5123 ponere,
1077 5074 1138 5112 ea
1169 5059 1370 5112 scilicet
1398 5060 1756 5120 accuratioue,
1788 5064 1838 5109 et
1874 5071 1976 5108 una
2019 5055 2173 5107 aliam

649 5159 759 5197 non
788 5145 1085 5198 excederet.
1118 5146 1170 5198 ld
1211 5162 1339 5202 sane
1379 5157 1632 5216 praestare
1656 5145 1816 5216 pauci
1844 5159 1905 5196 ex
1935 5142 2176 5212 calligra-

650 5232 771 5300 pliis
796 5241 1058 5300 poterant.
1099 5236 1175 5287 Ad
1205 5238 1335 5298 ha-c,
1364 5255 1483 5292 cum
1515 5239 1604 5291 illo
1629 5252 1760 5301 :evo,
1788 5235 1838 5287 in
1880 5233 2028 5286 libris
2072 5234 2178 5286 sal-

647 5336 756 5380 tem
785 5321 1106 5389 huiusmodi,
1132 5329 1340 5381 nonnisi
1369 5329 1595 5382 uncialis
1633 5327 1909 5380 character
1943 5337 2173 5390 usurpa-

647 5419 820 5473 1⁸88111⁵,
853 5412 944 5478 qui
979 5412 1130 5480 longe
1155 5416 1324 5482 majus
1351 5420 1580 5485 spatium
1615 5414 1928 5483 occupabat,
1953 5427 2015 5464 ac
2042 5427 2176 5480 prae-

650 5513 732 5556 ter
765 5500 883 5554 illas
911 5499 1156 5556 Hebraici
1191 5515 1363 5557 textus
1394 5509 1848 5572 interpretumque
1873 5502 2172 5563 columnas,

653 5590 817 5643 multa
852 5587 906 5641 in
937 5590 1264 5657 marginibus
1298 5591 1548 5663 Origenes
1583 5591 1922 5663 apposuerit,
1975 5590 2174 5642 monita

649 5679 873 5740 scilicet,
913 5677 1184 5730 nominum
1241 5683 1574 5747 propriorum
1625 5681 1958 5733 aliorumaue
2015 5678 2175 5730 inter-

653 5764 994 5829 pzt-tatioucs,
1025 5783 1141 5834 qua:
1169 5768 1304 5823 latos
1332 5772 1598 5840 margines
1630 5767 2034 5832 desiderabant;
2061 5781 2175 5834 [νοτε

2275 4596 2531 4658 cinnavit,
2556 4594 2656 4647 etsi
2688 4597 3090 4668 tachygraphos
3125 4610 3328 4668 septem
3362 4609 3414 4654 et
3441 4598 3648 4653 totidem
3695 4609 3706 4646 ι

2275 4687 2542 4756 ligraphos
2596 4685 2660 4738 ad
2719 4700 2943 4742 manum
2983 4705 3196 4760 semper
3241 4693 3489 4754 haberet,
3520 4689 3583 4743 iis
3631 4697 3706 4739 tan

2277 4775 2594 4830 adornandis
2624 4774 2825 4831 multos
2863 4782 3274 4848 consumpserit
3309 4797 3509 4844 annos,
3540 4773 3706 4848 probal

2275 4881 2403 4919 sane
2425 4876 2505 4919 est
2528 4879 2824 4933 perpaucos
2853 4877 2972 4936 post
2995 4866 3276 4938 Origenem
3299 4871 3483 4932 fuisse,
3508 4869 3596 4938 qui
3624 4863 3702 4931 huj

2275 4955 2415 5010 modi
2446 4954 2878 5021 commoda,.una
2902 4973 3024 5012 cum
3063 4961 3392 5029 adipiscendi
3419 4957 3700 5016 desiderio,

2275 5046 2526 5115 pecunias
2554 5055 2605 5098 et
2631 5047 2993 5117 calligraphos
3025 5057 3079 5103 et
3101 5052 3443 5106 membranas
3465 5065 3556 5119 pro
3569 5056 3679 5101 voto
3701 5043 3706 5095 1

2275 5137 2504 5191 buerint.

2344 5226 2405 5278 ll.
2447 5225 2617 5279 Varia’
2654 5225 3011 5293 "exaplorum
3058 5231 3300 5284 lectiones
3333 5235 3384 5284 in
3424 5229 3706 5290 marqinibtt.

2751 5298 3044 5352 Bibliorum
3077 5301 3322 5356 collecta.

2343 5405 2476 5461 Hinc
2501 5416 2676 5460 autem
2698 5408 2874 5460 evenit
2894 5408 3207 5477 utplerique
3233 5426 3262 5463 a
3289 5408 3585 5465 tamardua
3604 5417 3656 5456 re
3678 5415 3706 5454 sl

2274 5497 2515 5566 cipienda
2579 5496 2838 5562 deterriti,
2898 5513 3006 5564 quo
3054 5501 3352 5556 minoribus
3386 5497 3630 5568 impensis
3679 5505 3706 5558 q

2275 5588 2535 5656 pnccipua
2565 5588 2616 5641 in
2653 5587 2865 5654 Exaplis
2885 5595 3039 5641 erant
3064 5593 3520 5652 nanciscerentur,
3553 5585 3706 5641 lecriOI

2274 5677 2495 5744 Aquilze,
2530 5676 2856 5745 Symmachi,
2890 5675 3295 5744 Thcodotionis,
3331 5689 3488 5748 atque
3515 5678 3657 5730 alias.
3679 5687 3706 5732 (1

2279 5765 2491 5832 majoris
2524 5783 2640 5821 esse
2680 5766 2934 5819 momenti
2967 5768 3280 5822 videbantur
3304 5807 3318 5833 ,
3376 5770 3428 5822 in
3462 5760 3705 5830 marginib
