3878 6374
142 406 317 478 11⁷

1501 418 1567 472 1N
1607 415 1919 472 HEXAPLA
1957 413 2111 470 ORIG
2120 408 2295 467 ENIS.

3336 411 3430 468 ΗΘ

120 524 548 606 exemplarium
574 519 677 573 τῶν
706 521 1059 580 O'exscribi
1086 546 1400 593 curarem,
1422 538 1487 592 Ει
1508 540 1632 609 quia
1650 539 1704 592 in
1724 538 1812 592 de-
1838 540 1883 595 Α
1909 533 2000 603 qui
2026 527 2274 598 llexaplis
2291 522 2430 579 sunt
2453 507 2639 609 usinsi
2665 523 2914 588 quaedam
2936 527 3020 580 hic
3044 525 3221 595 paucis
3267 525 3420 594 profe-

122 628 355 698 [er/Vl",
389 612 682 683 opinionum
713 609 1080 684 Dictumque
1116 622 1378 681 divortia
1423 628 1537 682 fieri
1587 628 1754 682 solent
1784 667 1799 691 ,

93 735 176 792 Nu
221 722 324 770 gn
350 704 473 758 alius
508 701 650 756 aliud
676 701 1104 763 adnotandum
1167 726 1356 783 putat,
1380 717 1502 771 inde
1531 716 1720 771 accidit
1747 723 1803 767 ut

102 803 174 877 έῑιι
245 795 430 850 ‘miis
454 793 747 847 Βῖωίοτυῐῐὶ
782 794 1114 856 εοάὶεὶὶωε
1157 805 1432 862 lectiones
1461 808 1802 876 interpretum

113 885 192 964 in
215 887 360 954 fl“?
379 885 650 953 ἀεθοτῖβῑκ
671 881 824 950 δίειιῖ
854 884 944 940 Ῐίδ
1003 899 1070 945 ει
1127 897 1303 963 pauci
1335 899 1664 965 reperiantur
1693 912 1805 949 ma-

126 968 260 1051 id“,
283 978 456 1046 scripti
479 977 568 1046 qui
596 976 824 1031 easdem
847 992 1294 1048 repraesentem
1325 1006 1338 1040 :
1398 988 1520 1041 inde
1545 1002 1672 1040 vero
1723 987 1805 1039 fa-

141 1037 364 1144 lcium
392 1078 464 1122 est
483 1076 541 1121 ut
567 1066 734 1136 longe
753 1068 954 1136 plures
975 1082 1246 1131 veterum
1279 1079 1530 1133 lectiones
1561 1079 1723 1132 variis
1753 1080 1806 1132 in

160 1149 382 1222 inuris
427 1172 532 1212 sese
568 1157 902 1211 obtulerint.
960 1158 1131 1217 Inter
1190 1166 1294 1221 hos
1343 1177 1518 1221 autem
1558 1169 1802 1233 codices,

207 1258 395 1319 \onge
434 1263 642 1304 caeteros
687 1260 970 1318 superant
1003 1251 1342 1311 Coisliniani
1391 1258 1495 1311 duo
1527 1277 1539 1310 :
1579 1273 1806 1327 quorum

224 1356 384 1396 ustus
405 1339 582 1392 unciali
636 1339 860 1408 quadro
930 1343 1267 1400 charactere
1328 1348 1622 1416 descriptus
1659 1357 1808 1402 sexto

231 1430 450 1486 circiter
473 1429 551 1482 vel
576 1432 822 1498 septimo
855 1433 1074 1487 saeculo
1095 1477 1110 1499 ,
1160 1437 1527 1505 complectitur
1561 1437 1810 1492 Oetateu-

233 1520 403 1573 chum
432 1529 480 1574 et
514 1520 686 1574 libros
722 1519 943 1591 Regum
975 1561 993 1585 ,
1059 1538 1189 1577 cum
1244 1527 1556 1595 quibusdam
1591 1528 1714 1582 hinc
1758 1536 1810 1582 et

231 1609 367 1665 inde
395 1611 646 1674 hiatibus,
703 1613 804 1680 qui
839 1621 1161 1683 temporum
1218 1617 1411 1686 injuria
1453 1618 1758 1672 acciderunt
1792 1637 1806 1684 ;

227 1700 380 1754 alter
405 1716 530 1754 vero
557 1701 769 1755 decimi
803 1705 1020 1768 sarculi,
1048 1706 1218 1759 libros
1249 1706 1491 1776 Regum,
1542 1706 1808 1775 Paralipo-

224 1805 456 1854 menon,
484 1791 747 1856 Esdram,
782 1791 1101 1860 Estherem,
1141 1795 1343 1859 Judith,
1377 1806 1434 1850 et
1460 1796 1808 1862 blachabazos,

1904 601 2102 682 ramus,
2128 632 2232 672 non
2259 613 2536 681 ingratum
2567 601 2751 665 lectori
2778 614 2896 667 erit.

1971 703 2526 765 Ptnrulwsmarlyi‘.
2579 692 2698 752 ideo
2725 702 2868 770 prior
2904 711 3245 764 numeratur,
3301 700 3422 769 quia

1905 812 2184 869 antequam
2216 785 2703 854 ullus-scriptorum
2751 792 2843 859 qui
2878 803 3157 860 supersunt
3182 789 3424 858 Hexaplis

1906 898 2162 954 uteretur,
2183 886 2410 942 codices
2443 876 2794 948 Hexaplorum
2825 897 2942 935 cum
2990 881 3214 936 Eusebio
3243 894 3425 935 emen-

1908 980 2062 1034 dasse
2114 977 2280 1032 fertur
2305 975 2360 1028 in
2396 977 2521 1025 nota
2554 970 2754 1025 codicis
2787 969 2896 1025 RR.
2930 970 3029 1024 PP.
3059 969 3377 1023 Jesuitarum
3406 1005 3424 1031 ,

1909 1070 2160 1138 exscripti
2193 1068 2256 1122 ad
2284 1066 2439 1119 fidem
2464 1059 2832 1130 llexaplorum,
2857 1075 2975 1129 qua:
2991 1073 3146 1127 penes
3159 1057 3426 1127 Apollina-
3478 1103 3485 1114 .

1908 1161 2047 1213 rium
2066 1154 2487 1213 ccenobiarcham
2514 1151 2933 1213 asservabantur,
2952 1159 3009 1202 ut
3035 1147 3088 1202 in
3106 1147 3284 1201 eadem
3303 1155 3424 1202 nota

1910 1247 2120 1302 dicitur.

1978 1339 2235 1391 Eusenws
2247 1334 2524 1404 Pamphili,
2547 1340 2735 1401 praeter
2747 1346 2864 1386 eam
2875 1329 3103 1400 llexapla
3115 1324 3427 1385 emendandi

1911 1443 2146 1497 operam,
2195 1441 2355 1495 quam
2381 1439 2499 1478 cum
2532 1421 2802 1492 Pamphilo
2828 1422 3081 1489 suscepit,
3112 1419 3310 1475 scholia
3337 1418 3428 1470 in-

1912 1533 2068 1587 super
2091 1517 2301 1585 adjecit,
2341 1524 2398 1571 ut
2428 1515 2480 1568 in
2505 1514 2687 1569 eadem
2721 1523 2843 1566 nota
2872 1511 3056 1564 fertur.
3087 1509 3164 1562 Ad
3203 1509 3313 1562 haec
3332 1521 3427 1560 au-

1913 1615 2014 1660 tem
2037 1606 2341 1659 innumeras
2367 1618 2501 1672 pene
2523 1610 2755 1656 veterum
2779 1599 3118 1666 interpretum
3142 1595 3204 1649 A.
3240 1595 3296 1649 S.
3325 1593 3426 1648 Th.

1913 1693 2164 1748 lectiones
2207 1693 2420 1754 attulit,
2471 1689 2860 1745 Commentariis
2915 1689 2968 1740 in
3021 1685 3258 1740 Psalmos
3297 1693 3344 1737 et
3374 1683 3430 1736 in

1915 1782 2182 1847 IIesaiam,
2213 1783 2263 1836 in
2289 1782 2423 1836 libro
2456 1781 2530 1834 De
2564 1780 2688 1833 locis
2725 1777 3012 1836 Hebraicis.
3066 1775 3119 1828 in
3156 1773 3431 1841 Prwpara-

217 1893 366 1932 cum
401 1895 599 1950 magna
625 1880 687 1933 in
712 1881 893 1936 libros
911 1882 1122 1952 Regum
1149 1884 1643 1952 interpretationum
1673 1901 1815 1938 mar-
1845 1867 1886 1919 Β
1916 1877 2048 1928 tione
2072 1882 2125 1927 et
2151 1871 2601 1926 Demonstrationc
2631 1867 2940 1938 evangelica,
2969 1865 3095 1918 etin
3125 1862 3427 1930 fragmentis

215 1967 270 2035 gi
291 1969 494 2022 mlium
542 1970 712 2038 copia
740 1987 756 2022 :
791 1972 887 2025 sed
918 1971 1010 2026 hic
1034 2012 1050 2039 ,
1099 1981 1160 2026 ut
1204 1981 1256 2026 et
1289 1974 1378 2027 alii
1416 1989 1600 2028 omnes
1628 1990 1816 2028 mauu-

213 2055 448 2122 scripti,
479 2056 535 2108 in
579 2057 748 2111 libris
801 2056 1264 2126 Paralipomentiin
1292 2076 1496 2128 pauca;
1530 2061 1582 2114 in
1616 2063 1818 2116 caneris

207 2143 373 2198 nihil
398 2147 582 2201 habet.
610 2146 714 2202 His
737 2149 951 2203 accedit
984 2149 1184 2219 Regius
1209 2151 1398 2205 decimi
1441 2152 1578 2205 tertii
1611 2153 1820 2206 circiter

203 2240 446 2302 muli,
479 2240 578 2308 qui
615 2241 828 2295 multas
855 2241 910 2293 in
939 2241 1096 2296 libris
1133 2241 1334 2310 Regum
1388 2243 1643 2297 lectiones
1670 2252 1816 2296 vete-

203 2341 360 2381 rum
395 2329 580 2382 affert.
636 2333 847 2397 Magno
883 2333 1010 2384 item
1055 2333 1177 2385 usui
1222 2331 1322 2386 fuit
1367 2335 1532 2386 codex
1571 2333 1681 2386 RR.
1715 2333 1817 2386 PP.

201 2413 426 2470 Sancti
457 2417 651 2470 Basilii
676 2417 895 2482 Romae,
921 2416 1116 2471 decimi
1148 2434 1293 2484 saec,
1321 2435 1476 2487 quem
1497 2419 1818 2474 Basilianum

197 2517 526 2570 vocamus,
555 2508 670 2562 hac
706 2509 1047 2576 supellectile
1075 2511 1375 2578 marginali
1416 2520 1640 2565 onustus
1661 2552 1676 2577 ,
1729 2515 1818 2580 qui

199 2590 684 2666 Heptateuchum
717 2599 986 2660 continet,
1026 2599 1118 2652 sed
1148 2608 1254 2651 tota
1291 2613 1422 2665 pene
1446 2598 1650 2653 Genesi
1670 2609 1820 2654 twn-

195 2699 398 2741 catus
425 2699 528 2742 est.
555 2686 675 2742 Nec
716 2688 1215 2756 prmtermittendus
1255 2687 1468 2756 Regius
1499 2689 1631 2742 alter
1668 2707 1813 2743 num.

198 2773 236 2824 ι
263 2776 406 2842 871,
437 2777 641 2831 decimi
680 2778 898 2839 satculi,
921 2793 988 2830 ex
1012 2777 1166 2845 cujus
1187 2778 1513 2847 marginibus
1539 2779 1702 2832 multa
1729 2795 1820 2832 ex-

195 2871 570 2938 cerpsimus.
611 2870 768 2924 Inter
805 2869 1285 2939 praestantissimos
1315 2873 1699 2939 computandus
1729 2889 1819 2926 co-

191 2956 348 3013 ᾱιιει
384 2959 798 3029 Prophetarum
858 2958 1196 3012 bibliothecae
1225 2957 1338 3014 RR.
1371 2958 1474 3011 PP.
1498 2958 1816 3015 Jesuitarum

191 3049 453 3117 collegii
510 3047 786 3101 Ludovici
819 3045 1043 3116 Magni,
1079 3047 1221 3100 unde
1253 3047 1418 3100 multa
1448 3049 1500 3101 in
1532 3047 1817 3103 Jeremiam

193 3149 250 3188 ε
283 3146 306 3189 t
331 3136 679 3191 Ezechielem
733 3135 968 3188 mutuati
995 3151 1237 3189 sumus:
1287 3151 1408 3189 nam
1443 3137 1660 3191 llesaias
1706 3139 1817 3206 jam

193 3227 422 3281 alitus
445 3242 476 3280 a
508 3225 731 3279 Joanne
767 3224 1247 3287 Curterio-fuerat,
1286 3234 1340 3280 et
1385 3226 1436 3278 in
1465 3227 1668 3282 caeteris
1697 3243 1820 3296 pro-

194 3317 424 3385 phetis
451 3318 562 3372 fere
593 3319 734 3371 nihil
761 3315 1166 3385 ‘marginalium
1197 3316 1688 3383 interpretationum
1723 3318 1819 3371 ha-

201 3402 428 3458 tuetur.
462 3404 670 3459 Praeter
701 3413 950 3458 veterum
981 3403 1338 3472 interpretum
1383 3404 1638 3461 lectiones
1664 3447 1678 3470 ,
1736 3407 1826 3464 hic

205 3496 496 3550 asterisci
527 3506 586 3551 et
633 3497 786 3549 obel'r
815 3495 1023 3564 passim
1054 3533 1070 3559 ,
1121 3510 1506 3564 nonnunquam
1537 3497 1590 3549 in
1634 3505 1779 3554 textu
1807 3540 1823 3564 ,

213 3587 451 3653 sapius
479 3585 532 3638 in
575 3585 928 3654 marginibus
964 3583 1310 3637 adnotantur.
1367 3582 1443 3636 Ex
1495 3584 1601 3642 hoc
1647 3590 1827 3644 codice

218 3674 413 3740 plura
445 3691 738 3744 excerpere
757 3683 1100 3743 poteramus,
1131 3673 1234 3728 nisi
1261 3673 1587 3742 praecipitem
1617 3680 1665 3733 ei
1697 3695 1829 3750 ope-

223 3775 376 3816 ram
404 3765 530 3818 dare
562 3765 740 3818 coacti
771 3778 1027 3818 essemus
1057 3781 1072 3816 :
1119 3778 1238 3815 nam
1265 3763 1330 3816 ad
1361 3777 1595 3833 quatuor
1624 3779 1827 3824 tantum

238 3851 399 3913 dies,
433 3863 652 3922 rogante
678 3851 982 3906 Maecenate
1014 3861 1200 3905 nostro
1236 3867 1347 3908 em.
1381 3858 1524 3910 card.
1542 3858 1828 3923 d‘Estrées,

243 3939 380 4006 ejus
411 3941 556 3994 nobis
592 3941 754 4008 cupia
789 3939 938 3993 facta
965 3947 1066 3994 est.
1102 3937 1488 3997 Meruerandus
1519 3945 1639 3998 item
1666 3948 1828 4000 codex

247 4028 601 4085 Colbert'mus
633 4032 689 4084 in
719 4029 926 4084 Jobum
947 4070 962 4093 ,
1017 4043 1210 4085 recens
1252 4032 1491 4101 quidem,
1531 4035 1622 4088 sed
1650 4051 1714 4088 ex
1745 4051 1832 4088 ve-

259 4120 392 4184 teri,
416 4128 472 4173 ut
503 4120 770 4185 creditur,
802 4116 1139 4185 descriptus,
1168 4124 1310 4176 unde
1336 4123 1498 4176 multa
1524 4123 1588 4176 ad
1623 4124 1833 4177 institu-

261 4214 380 4260 tum
409 4218 644 4262 nostrum
678 4207 995 4278 spectantia
1027 4213 1259 4264 mutuati
1286 4227 1492 4265 sumus.
1509 4209 1622 4265 Non
1656 4221 1832 4266 tacen-

265 4295 371 4349 dus
393 4298 514 4352 item
556 4298 907 4354 Barberinus
930 4301 988 4358 in
1027 4300 1344 4369 Prophetas,
1373 4301 1526 4368 cujus
1555 4302 1729 4356 varias
1761 4303 1834 4354 le-

267 4389 473 4441 ctiones
504 4389 556 4442 in
592 4388 923 4457 Appendice
955 4391 1377 4460 Polyglottorum
1415 4391 1576 4444 edidit
1609 4391 1835 4445 Brianus

1914 1961 2427 2019 Commentariorum
2455 1961 2510 2013 in
2543 1959 2676 2012 alias
2718 1956 3005 2024 Scriptura:
3033 1964 3226 2023 partes.
3257 1951 3433 2016 Quare

1915 2065 2105 2121 magno
2137 2050 2364 2104 nobis-in
2394 2049 2477 2102 bis
2501 2047 2718 2103 edendis
2745 2044 2982 2100 subsidio
3003 2043 3119 2096 fuit.

1982 2163 2331 2227 Aruamsws,
2364 2159 2611 2228 llexaplis
2637 2174 2744 2213 non
2799 2159 2869 2211 ita
2923 2156 3227 2224 frequenter
3258 2171 3388 2209 usus
3415 2195 3430 2218 ,

1915 2252 2067 2306 binas
2089 2262 2262 2306 tamen
2290 2251 2492 2318 Aquilae
2513 2249 2768 2303 lectiones
2799 2245 3148 2315 suppeditavit
3173 2263 3186 2308 ;
3213 2245 3435 2297 alteram

1915 2340 2123 2393 inlibro
2147 2339 2232 2392 cui
2265 2339 2448 2393 titulus
2479 2355 2492 2390 :
2529 2335 2714 2391 Omnia
2735 2334 2859 2386 mihi
2895 2334 3086 2386 tradita
3114 2341 3230 2384 sunt
3256 2348 3288 2384 a
3327 2329 3436 2383 Pa-

1919 2439 2025 2493 tre;
2054 2431 2270 2484 alteram
2297 2430 2348 2482 in
2381 2426 2771 2482 Commentariis
2799 2426 2851 2477 in
2886 2423 3142 2476 Psatmos.

1984 2521 2320 2584 CHALCIDIUS,
2346 2519 2435 2588 qui
2458 2533 2522 2571 an
2550 2516 2905 2580 Christianus,
2927 2531 2992 2568 an
3020 2513 3226 2584 gentilis
3256 2513 3434 2575 fuerit,

1916 2609 2177 2662 incertum
2201 2615 2305 2670 est,
2333 2607 2517 2660 eodem
2542 2605 2764 2658 circiter:
2781 2613 3036 2670 tempore,
3081 2599 3436 2668 Hexaplorum

1917 2699 2090 2752 locum
2123 2695 2317 2757 attulit,
2351 2703 2408 2748 ut
2437 2694 2615 2747 videas
2647 2693 2702 2744 in
2735 2690 2996 2760 principio
3037 2689 3277 2743 Genesis.
3337 2687 3438 2741 Alii

1917 2803 2039 2841 eum
2067 2795 2220 2840 aetate
2245 2785 2399 2854 longe
2435 2784 2786 2852 posteriorem
2839 2795 2955 2836 esse
3005 2788 3216 2849 putant;
3267 2779 3356 2833 sed
3388 2779 3440 2833 id

1917 2877 2210 2944 disquirere
2231 2893 2335 2932 non
2369 2885 2451 2930 est
2480 2875 2754 2943 prasentis
2781 2871 3025 2926 instituti.

1983 2967 2246 3022 ASTERIUS
2275 2966 2533 3034 sephista,
2563 2965 2654 3033 qui
2678 2963 2860 3018 eodem
2877 2977 3011 3032 pene
3038 2969 3272 3027 tempore
3299 2957 3474 3012 Coms.

1918 3059 2168 3122 memoria
2190 3057 2244 3109 in
2259 3055 2497 3109 Psalmos
2530 3052 2822 3114 adornavit,
2845 3068 2909 3105 an
2932 3049 3183 3116 l’lemplis
3203 3047 3468 3112 situsns,.

1920 3161 2105 3209 necne,
2142 3145 2376 3200 nondum
2407 3144 2478 3197 ita
2511 3151 2845 3212 perspectum
2879 3146 2978 3192 est.

1990 3233 2224 3288 Dmrnus
2239 3246 2431 3294 caecus,
2456 3228 2864 3292 Alexandrinus,
2884 3223 3238 3293 Hexaplorum
3266 3222 3447 3275 lectio-

1927 3343 2021 3382 nes
2043 3327 2095 3379 in
2129 3322 2543 3380 Commentariis
2575 3320 2686 3376 suis
2717 3317 2908 3383 attulit,
2941 3317 3032 3370 sed
3085 3313 3298 3368 non-ita
3333 3312 3457 3366 fre-.-

1927 3425 2168 3485 quenter.

1997 3503 2310 3558 Tunenonus
2335 3500 2663 3564 Heracleota,
2687 3498 2938 3560 Arianus,
2988 3495 3218 3563 Hexapla
3249 3491 3459 3562 passim

1931 3595 2195 3656 adhibuit,
2231 3607 2399 3660 eaque
2425 3593 2579 3646 docte
2610 3589 2876 3653 tractavit,
2910 3596 2969 3641 ut
3015 3586 3197 3640 multis
3225 3585 3278 3637 in
3318 3583 3450 3636 locis

1932 3685 2114 3738 videre
2142 3693 2241 3737 est.
2275 3681 2404 3750 Ejus
2429 3679 2946 3735 Commentariorum
2965 3706 2978 3710 -
2997 3675 3287 3744 fragmenta
3321 3674 3452 3726 bene

1933 3773 2101 3826 multa
2129 3781 2340 3826 exstant
2371 3773 2423 3825 in
2457 3771 2671 3824 Catenis
2692 3767 2872 3822 variis.

1993 3860 2580 3938 EusentusilEmesenus
2632 3860 2688 3912 in
2743 3855 3169 3918 Commentariis,
3224 3866 3451 3921 quorum

1935 3949 2225 4019 fragmenta
2251 3941 2459 4001 Catenae
2490 3947 2758 4010 exhibent,
2788 3944 3036 4013 Hexaplis
3063 3954 3143 3997 est
3183 3958 3330 4003 usus,
3363 3941 3453 3993 sed

1936 4055 2079 4102 raro,
2112 4048 2174 4092 ut
2205 4038 2434 4091 videtur.

2003 4128 2252 4182 [humus
2282 4127 2444 4182 semel
2466 4126 2696 4194 Hexapl‘a
2738 4138 3024 4193 usurpasse
3051 4118 3456 4190 deprehenditur

1937 4219 2312 4274 Commentario
2333 4219 2389 4271 in'
2416 4217 2674 4272 Paalmox.

2008 4308 2262 4364 Eusenws
2295 4305 2644 4361 Vercellensis
2683 4302 3089 4360 Commentarios
3146 4298 3355 4352 Eusebii
3404 4298 3456 4351 in

1937 4397 2174 4471 Psalmos
2204 4395 2389 4450 Latine
2419 4394 2706 4460 transtulit,
2757 4392 3069 4448 lectionibus
3108 4388 3464 4457 llexaplorum

283 4473 575 4531 Waltonus.
597 4477 677 4532 De
703 4479 834 4534 aliis
855 4481 1247 4549 manuscriptis
1273 4481 1495 4534 minoris
1512 4481 1684 4548 pretii,
1703 4496 1841 4548 quoe.
1867 4509 1919 4562 υ-
1937 4501 2230 4555 respersos.

275 4579 394 4618 rum
421 4584 673 4637 magnam
703 4572 922 4641 copiam
945 4572 1090 4625 nacti
1123 4586 1334 4632 sumus,
1368 4571 1419 4622 in
1453 4570 1624 4625 fronte
1656 4571 1837 4638 singu-

287 4654 448 4710 lorum
477 4658 748 4715 librorum
779 4671 966 4714 actum
1007 4669 1110 4715 est.
1140 4659 1232 4713 llae
1273 4659 1429 4712 nobis
1465 4659 1836 4729 llexaplarium

293 4744 791 4816 interpretationum
819 4749 1065 4818 reliquiae
1098 4755 1390 4816 supersunt
1436 4749 1489 4800 in
1536 4751 1838 4804 manuscri-

293 4836 410 4900 ptis.
440 4836 570 4893 Nam
603 4839 850 4908 Hexapla
885 4841 1026 4908 ipsa,
1059 4847 1120 4891 ut
1148 4839 1216 4890 ab
1248 4835 1475 4906 Origene
1525 4839 1840 4893 concinnata

295 4920 511 4993 fuerant,
544 4929 619 4981 ita
661 4927 916 4980 funditus
969 4925 1296 4994 perierunt,
1331 4932 1387 4975 ut
1439 4940 1504 4976 ne
1530 4926 1840 4992 particulam

295 5014 490 5080 quidem
509 5033 702 5072 eorum
738 5016 838 5071 ulli
870 5015 1090 5083 uspiam
1114 5013 1422 5081 conspicere
1443 5013 1666 5068 licuerit.

295 5122 372 5178 Ill.
394 5129 617 5195 Quinam
646 5145 714 5184 ea:
727 5126 1099 5198 scriptoribus
1117 5125 1476 5198 ecclesiasticis
1497 5125 1543 5178 Η
1547 5129 1845 5198 exaplorum

861 5195 1021 5246 libris
1051 5195 1160 5246 sint
1190 5195 1292 5245 usi.

355 5283 543 5342 Przter
566 5287 798 5342 codices
829 5282 1249 5349 manuscriptos
1273 5321 1289 5346 ,
1329 5283 1463 5337 unde
1508 5296 1735 5341 veterum
1771 5290 1848 5344 in-

289 5379 738 5445 terpretationum-
768 5387 1150 5443 pars‘magna
1183 5370 1372 5438 prodit,
1407 5375 1632 5442 amplam
1685 5377 1847 5433 nobis

285 5478 500 5537 segetem
533 5469 872 5522 obtulerunt
926 5462 1263 5529 scriptorum
1296 5469 1517 5518 veterum
1558 5466 1849 5523 Commen-

284 5560 409 5622 tarii,
445 5560 537 5628 qui
562 5575 669 5626 pro
711 5557 928 5608 litterae
967 5565 1143 5603 sensu
1188 5553 1502 5616 assequendo
1528 5557 1850 5627 plerumque

276 5647 483 5715 Aquilrc,
525 5641 892 5716 Symmachi,
931 5637 1646 5715 Theodotionisaliorumque
1671 5647 1852 5702 inter.

272 5740 780 5798 Drotumlectioncs
832 5737 1212 5796 usurparunt.
1244 5729 1311 5784 De
1337 5729 1543 5801 singulis
1563 5755 1733 5810 porro
1773 5742 1848 5798 iis

2008 4575 2272 4630 Dienonus
2292 4573 2592 4639 Tarsensis,
2619 4573 2670 4626 in
2728 4585 2878 4626 sacra
2912 4568 3182 4638 Scriptura
3211 4563 3462 4633 .apprime

1937 4674 2204 4731 versatus,
2229 4665 2583 4734 Hexaplorum
2603 4663 2842 4718 notitiam
2868 4662 3076 4730 plenam
3103 4657 3350 4711 habuisse
3374 4653 3458 4706 vi-

1938 4757 2110 4820 detur,
2143 4764 2202 4808 ut
2230 4770 2294 4808 ex
2313 4755 2428 4823 ejus
2456 4753 2767 4822 fragmentis
2786 4766 2905 4820 qua:
2941 4750 2994 4802 in
3022 4746 3262 4801 Catenis»
3280 4758 3464 4812 super-

1942 4855 2086 4909 sunt,
2111 4844 2539 4914 deprehenditur.

2012 4937 2323 4990 EPIPHANIUS
2356 4933 2538 5004 Cypri,
2561 4932 2812 4986 lectiones
2855 4935 3091 4982 veterum
3120 4925 3466 4992 interpretum

1943 5043 2046 5082 non
2081 5026 2244 5081 semel
2271 5024 2467 5087 attulit,
2493 5032 2545 5076 et
2587 5020 2869 5076 Historiam
2902 5017 3252 5086 Helaplorum
3278 5014 3470 5086 partim

1945 5133 2008 5174 ex
2037 5116 2282 5186 Origene,
2311 5123 2370 5168 ut
2401 5113 2628 5174 videtur,
2673 5117 2965 5173 mutuatus,
3017 5107 3132 5162 fuse
3168 5107 3465 5175 descripsit.

2011 5206 2251 5261 BASILIUS
2271 5202 2614 5257 Caesariensis
2654 5199 2966 5267 hexaplares
3014 5198 3472 5267 interpretationes

1949 5310 2135 5364 parum
2167 5290 2427 5347 tractavit.

2015 5385 2312 5440 GREGORIUS
2338 5380 2458 5432 item
2494 5373 2782 5445 Nyssenus,
2821 5377 2940 5448 ejus
2986 5377 3166 5440 frater,
3227 5371 3474 5438 ﬂexaplis

1951 5493 2073 5530 raro
2101 5490 2229 5530 llSUS
2260 5478 2361 5524 εει.

2020 5569 2400 5618 Αροιιικλιιιυδ
2423 5555 2754 5612 Laodicenus
2805 5559 2859 5612 in
2895 5551 3305 5612 Commentariis
3365 5543 3480 5597 suis

1955 5653 2307 5721 llexaplorum
2336 5645 2586 5700 lectiones
2619 5645 2934 5713 parcissime
2963 5642 3155 5700 attulit.

2024 5745 2326 5798 Auanosws
2378 5733 2782 5790 Mediolanensis
2830 5737 3094 5791 modicum
3131 5722 3482 5790 Hexaplomm
