3878 6404
507 407 604 460 119

1805 390 2300 449 ΡΒΑΞΜΜΙΝΑΜΑ

3632 385 3729 433 120

501 535 658 576 usum
681 517 924 572 habuisse
970 513 1394 583 deprehenditur,
1452 512 1798 580 similiterque
1841 512 2016 564 Aucu-
2045 511 2092 566 Α
2181 505 2474 559 Paucortus
2496 506 2712 558 Gazzeus
2742 504 2793 553 in
2829 493 3264 554 Octaleuc-Itum,
3290 491 3340 583 in
3378 493 3549 542 liam:
3599 487 3698 583 Re—

502 625 680 665 srmus
702 618 750 660 et
768 607 1134 660 PHILASTRIUS.

570 699 814 758 Rurmus,
849 697 937 765 qui
988 708 1228 764 magnam
1271 693 1510 763 Origenis
1554 708 1769 762 operum
1816 701 2017 760 partem

501 788 684 843 Latine
716 789 1086 855 interpretatus
1108 793 1205 849 cst,
1237 785 1584 852 Hexaplorum
1638 783 1877 836 notitiam
1910 781 2018 849 ple-

499 895 621 932 nam
657 879 903 931 habuisse
927 878 1126 930 videtur
1158 891 1171 926 :
1201 877 1393 944 quibus
1420 884 1594 928 tamen
1625 889 1746 926 raro
1765 881 1844 924 est
1867 884 2014 935 usus,

500 977 555 1020 ut
587 983 649 1019 ex
693 967 828 1034 ejus,
872 982 988 1034 qua:
1020 973 1320 1034 supersunt,
1353 964 1561 1032 scriptis
1591 961 2013 1028 deprehenditur.

571 1053 792 1108 Joannes
829 1055 1236 1108 Cunvsosrouus
1290 1053 1540 1106 lectiones
1575 1060 1807 1102 veterum
1855 1049 2018 1100 inter-

495 1155 701 1212 pretum
726 1144 1147 1213 frequentissime
1165 1143 1380 1212 profert,
1409 1141 1636 1194 maxime
1663 1149 1836 1193 autem
1868 1138 2019 1192 Com-

499 1235 762 1287 mentariis
788 1235 839 1287 in
868 1234 1124 1303 Psalmos,
1160 1236 1248 1288 ubi
1279 1247 1398 1286 raro
1443 1232 1754 1299 interpretes
1805 1229 2018 1282 nomine

500 1339 598 1376 suo
627 1325 891 1392 exprimit,
924 1324 1012 1379 sed
1035 1339 1160 1378 voce
1190 1326 1402 1384 Ἀλλος
1425 1323 1610 1376 utitur.

564 1411 897 1468 Htxnonruus
926 1415 1043 1483 plus
1071 1430 1227 1482 quam
1255 1413 1428 1466 cmteri
1460 1425 1666 1476 omnes,
1696 1425 1802 1463 uno
1831 1408 2016 1462 fortas-

498 1501 572 1555 sis
591 1501 816 1556 Eusebio
832 1512 1067 1572 excepto,
1097 1503 1342 1571 Hexaplis
1361 1513 1441 1558 est
1462 1517 1589 1556 usus
1621 1518 1634 1554 :
1663 1501 1727 1554 de
1760 1499 2019 1566 Hexaplo—

497 1607 614 1645 rum
651 1592 835 1646 ordine
858 1607 995 1660 saepe
1017 1593 1290 1657 disseruit,
1314 1593 1378 1645 de
1397 1591 1619 1659 singulis
1647 1588 2019 1658 interpretibus

497 1681 661 1733 multa
694 1681 823 1734 dixit
859 1700 872 1734 :
905 1696 1086 1734 eorum
1112 1681 1569 1749 interpretationes
1596 1680 1648 1731 in
1683 1677 2022 1731 Commenta-

495 1772 593 1826 riis
619 1773 731 1826 suis
758 1781 808 1826 et
835 1773 884 1824 in
915 1773 1034 1826 aliis
1073 1771 1345 1840 opusculis
1385 1785 1521 1839 saepe
1568 1769 1759 1822 attulit.
1820 1767 2020 1820 Editio-

497 1877 616 1914 nem
661 1861 900 1914 Latinam
933 1871 1160 1915 veterem
1189 1861 1452 1928 adjunctis
1501 1859 1768 1912 asteriscis
1804 1867 1856 1910 et
1893 1857 2020 1910 obe-

495 1952 562 2027 lis
604 1951 908 2020 publicavit.
960 1950 1214 2004 Praeterea
1257 1948 1741 2017 interpretationem
1779 1944 2020 1998 Latinam

496 2057 687 2096 novam
714 2041 1010 2106 adornavit,
1053 2056 1170 2108 quae
1228 2039 1480 2094 hodierna
1535 2037 1752 2106 Vulgata
1800 2044 1900 2100 est,
1934 2033 2022 2087 ubi

496 2133 706 2200 Aquila,
753 2130 1091 2200 Symmacho,
1142 2137 1193 2183 et
1221 2144 1325 2182 non
1353 2109 1515 2182 semel
1570 2126 1728 2180 Sexta
1771 2126 2019 2188 editione,

496 2221 708 2287 quando
733 2235 795 2272 ea
815 2219 1014 2282 aderat,
1039 2233 1168 2272 usus
1191 2226 1288 2271 est.
1319 2216 1383 2270 Et
1413 2218 1463 2270 in
1488 2215 1606 2270 aliis
1639 2215 1849 2285 quidem
1870 2212 2020 2266 libris

499 2286 871 2380 Symmachum
915 2308 1219 2376 frequenter
1281 2307 1540 2375 sequitur,
1593 2306 1836 2374 Aquilam
1895 2286 2020 2357 item

497 2415 603 2452 non
635 2413 793 2464 raro;
833 2399 887 2450 in
921 2396 1147 2451 Psalmis
1170 2412 1313 2462 vero,
1357 2397 1560 2464 Aquila:
1615 2405 1674 2448 ut
1733 2393 2020 2463 plurimum

497 2489 679 2550 lueret,
705 2487 1020 2556 Symmacho
1076 2485 1479 2554 infrequentius,
1534 2485 1816 2554 aliquando
1862 2484 2020 2537 etiam

499 2575 637 2628 LXX
670 2575 850 2628 Latine
867 2577 1132 2644 exprimit.
1165 2575 1287 2630 liatc
1308 2578 1534 2644 sparsim
1564 2575 1934 2629 adnotavimus
1967 2573 2019 2626 in

499 2664 658 2730 hujus
685 2664 859 2731 operis
885 2664 1130 2718 decursu.

567 2753 854 2808 Hssvcmus
887 2753 1355 2822 Salonitauus,qui
1383 2769 1412 2807 a
1435 2755 1702 2808 nonnullis
1722 2769 1840 2808 cum
1871 2753 2018 2808 Jero—

497 2846 811 2913 solymitano
850 2829 1224 2908 confunditur,
1271 2844 1705 2900 Commentarium
1757 2844 1920 2898 edidit
1965 2845 2018 2897 in

496 2935 798 2997 Leviticum,
838 2949 995 3002 quem
1046 2933 1229 2988 Latine
1269 2935 1511 3003 primitus
1566 2935 1820 3002 scriptum
1854 2934 2020 2988 fuisse

497 3041 716 3094 prorsus
747 3026 993 3079 existimo
1022 3043 1035 3078 :
1067 3041 1236 3094 neque
1264 3026 1403 3079 enim
1427 3027 1689 3080 ullatenus
1719 3027 1822 3081 olet
1859 3027 2020 3080 inter-

498 3114 844 3182 pretationem
869 3107 931 3167 ex
958 3111 1138 3167 Graeco
1161 3114 1370 3168 factam.
1397 3113 1473 3167 lbi
1519 3129 1643 3168 vero
1672 3125 1906 3169 veterum
1932 3115 2016 3167 in-

500 3213 785 3272 terpretum
818 3203 1044 3272 Aquilae,
1085 3202 1389 3272 Symmachi
1426 3211 1478 3256 et
1525 3203 1900 3258 Theodotionis
1943 3206 2017 3259 le-

497 3293 702 3346 ctiones
734 3291 1036 3359 frequenter
1068 3292 1302 3346 adhibet.
1332 3290 1723 3345 Commentaria
1749 3294 1893 3346 illum
1922 3309 2017 3348 sua

499 3395 606 3434 non
627 3379 826 3446 Graece,
851 3382 941 3434 sed
967 3381 1150 3434 Latine
1187 3381 1416 3434 edidisse
1443 3382 1524 3434 vel
1577 3382 1701 3434 hinc
1740 3383 2018 3451 evincitur,

498 3473 640 3541 quod
673 3473 728 3524 in
767 3470 979 3528 Catenis
1013 3472 1207 3526 Graecis
1239 3473 1290 3524 in
1319 3471 1619 3538 Leviticum,
1671 3489 1788 3542 quae
1832 3489 2020 3544 magno

499 3577 722 3617 numero
748 3563 911 3616 variis
935 3562 986 3616 in
1014 3563 1348 3616 bibliothecis
1376 3562 1655 3629 habentur,
1675 3563 1804 3616 nihil
1825 3579 1889 3617 ex
1917 3563 2019 3617 He-

499 3653 685 3724 sycbio
707 3653 886 3708 Graece
913 3653 1118 3721 uspiam
1155 3660 1479 3720 compareat.

568 3741 878 3796 Tasononus
901 3741 1301 3810 Mopsuestenus
1329 3742 1481 3810 cujus
1509 3750 1560 3795 et
1602 3739 2019 3795 Commentario-

498 3847 616 3884 rum
655 3831 947 3899 fragmenta
975 3832 1028 3884 in
1057 3831 1269 3886 Catenis
1296 3839 1526 3896 exstant,
1548 3842 1601 3884 et
1639 3829 2019 3885 Commentario

497 3921 554 3974 in
585 3918 867 3988 Prop/tetas
897 3922 1101 3990 integra
1125 3921 1178 3974 in
1210 3921 1542 3975 bibliothecis
1555 3929 1852 3986 servantur,
1881 3918 2018 3972 LXX

500 4027 706 4080 semper
735 4013 990 4082 sequitur,
1022 4011 1376 4080 Hexaplorum
1407 4027 1533 4067 vero
1564 4009 2020 4079 interpretationes

497 4102 672 4156 varias
693 4117 877 4170 parum
902 4102 1097 4156 adiisse
1117 4103 1342 4157 videtur.

569 4189 771 4244 VICTOR
799 4191 1179 4254 Antiochenus,
1223 4191 1277 4242 iu
1329 4187 1638 4257 fragmentis
1684 4185 2020 4240 Commenta-

499 4281 721 4343 riorum,
753 4295 872 4348 quae
900 4280 955 4332 in
979 4279 1193 4334 Catenis
1226 4286 1527 4347 supersunt,
1556 4277 1869 4345 interpretes
1918 4275 2021 4329 He-

504 4370 779 4438 xaplorum
804 4384 924 4423 raro
949 4369 1256 4423 adhibuisse
1279 4367 1706 4436 deprehenditur.
1731 4420 1750 4430 _

2117 611 2234 664 gum
2265 603 2311 647 et
2335 592 2775 662 Paralipomenén
2805 600 2853 642 et
2879 590 2938 641 in
2974 577 3709 642 Hesaiam,Comntentaria

2113 685 2296 748 edidit,
2321 699 2381 737 ac
2409 698 2640 752 persmpe
2667 677 3159 748 interpretationes
3194 679 3451 724 veterum
3495 681 3626 735 qua:
3657 667 3717 719 in

2115 772 2362 842 Hexaplis
2377 772 2593 826 erantin
2609 770 2838 824 medium
2867 765 3130 826 adduxit,
3155 759 3533 825 maximeque
3565 755 3728 809 Com-

2116 865 2366 916 mentario
2391 864 2441 914 in
2475 861 2740 922 Ilcsaiam,
2767 873 2931 928 quem
2965 857 3045 910 ita
3070 851 3335 907 mutilum
3370 847 3451 901 ad
3481 859 3596 899 nos
3627 845 3727 898 de-

2113 954 2322 1008 venisse
2347 953 2601 1007 dolemus.

2181 1044 2509 1097 Amsrxsws
2556 1041 2821 1096 secundus
2878 1033 3296 1095 Antiochenus,
3351 1042 3486 1081 non
3565 1023 3745 1079 infre-

2113 1142 2337 1202 quenter
2360 1134 2411 1184 in
2436 1147 2532 1185 suo
2579 1131 2942 1183 Hexaemeron
3010 1137 3192 1192 opere
3240 1128 3524 1174 veterum
3564 1115 3754 1170 inter-

2113 1231 2320 1291 prelum
2350 1220 2638 1288 fragmenta
2671 1218 2864 1272 attulit.

2181 1311 2523 1374 Anasrssws,
2557 1308 2801 1362 NiCEBIIUS
2852 1301 3241 1372 metropolita,
3301 1295 3766 1351 Commentario

2114 1404 2168 1456 in
2199 1401 2436 1454 Psalmos
2468 1400 2667 1463 Gratce,
2697 1398 2788 1465 qui
2820 1397 3035 1464 integer
3079 1397 3354 1444 servatur
3411 1386 3482 1438 in
3543 1385 3767 1438 biblio-

2115 1490 2264 1545 theca
2289 1488 2632 1552 Coisliniana,
2670 1496 2904 1540 veterum
2931 1485 3310 1550 interpretum
3338 1475 3662 1529 lectiones
3679 1488 3774 1528 ra-

2116 1593 2176 1632 ro
2203 1577 2433 1631 adhibet.

2186 1667 2476 1720 Hnsxcmus
2551 1663 3036 1732 Jerosolymitanus
3119 1655 3659 1711 Commentariun:
3715 1653 3775 1707 in

2117 1757 2353 1810 Psalmos
2378 1755 2574 1818 emisit,
2617 1755 2707 1822 qui
2743 1752 3010 1818 hodieque
3043 1749 3100 1800 in
3150 1747 3391 1814 aliquot
3432 1744 3779 1798 bibliothe-

2051 1823 2092 1881 Β
2121 1849 2197 1903 eis
2218 1848 2395 1901 Grazce
2423 1852 2744 1908 asservatur,
2775 1842 2931 1910 cujus
2957 1849 3012 1893 et
3043 1838 3388 1907 fragmenta
3429 1839 3496 1889 in
3528 1836 3776 1892 Catenis

2119 1937 2256 1991 edita
2279 1942 2421 1997 sunt,
2437 1942 2674 1987 veterum
2695 1933 3047 1998 interpretum
3079 1926 3376 1980 lectiones
3405 1924 3778 1996 infrequeno

2122 2035 2200 2080 ter
2227 2025 2421 2079 attulit.

2186 2108 2607 2170 OLYMPIODORUS,
2639 2107 2922 2175 episcopus
2951 2106 3185 2162 Tricces
3214 2107 3275 2161 in
3303 2107 3680 2171 Thessalia,
3712 2115 3773 2158 ut

2120 2198 2172 2252 in
2200 2199 2382 2252 codice
2409 2199 2638 2267 quodam
2695 2195 3031 2250 Coisliniano
3086 2197 3340 2252 decimi-
3379 2198 3642 2252 circiter
3687 2197 3772 2251 vel

2119 2287 2379 2340 undecimi
2404 2287 2584 2342 saeculi
2617 2285 2834 2351 dicitur,
2867 2285 3307 2341 Commentariis
3343 2289 3412 2341 in
3469 2287 3772 2341 Ecclesia-

2118 2383 2245 2437 sten,
2273 2375 2325 2426 in
2347 2372 2444 2426 Job
2474 2382 2526 2426 et
2544 2374 2596 2425 in
2617 2373 2919 2436 Jeremiam,
2945 2375 3314 2440 nobilitatur,
3350 2377 3467 2430 ubi
3490 2375 3772 2446 Hexaplis

2119 2461 2564 2529 frequentissime,
2596 2465 2825 2518 maxime
2848 2465 2900 2516 in
2930 2463 3052 2529 Job,
3095 2480 3243 2520 usus
3275 2474 3402 2521 est.

2184 2552 2489 2607 Euruxmus
2541 2553 2853 2623 Zygabenus
2885 2555 3317 2611 Commentario
3370 2559 3439 2612 in
3491 2558 3763 2614 Psalmos

2118 2643 2313 2703 emisit,
2343 2643 2432 2696 ubi
2465 2641 2841 2712 l-lexaplarium
2873 2644 3188 2698 editionum
3227 2648 3617 2704 lectionibus
3651 2650 3758 2704 ali-

2117 2731 2330 2798 quando
2357 2732 2542 2796 utitur,
2579 2746 2642 2784 ex
2681 2732 3018 2800 marginibus
3042 2733 3277 2788 scilicet
3317 2735 3663 2791 Bibliorum
3706 2743 3763 2790 et

2116 2831 2180 2870 ex
2224 2817 2340 2870 aliis
2367 2818 2766 2871 commentariis
2785 2827 3098 2882 mutuatus;
3145 2823 3245 2876 vix
3282 2826 3458 2880 enim
3515 2836 3756 2896 putave-

2117 2906 2215 2958 rim
2242 2906 2472 2974 Hexapla
2502 2908 2564 2960 ad
2589 2908 2705 2975 ejus
2729 2917 2940 2978 tempus
2994 2910 3344 2982 devenisse,
3418 2931 3568 2970 nam
3615 2915 3759 2970 vixit

2117 2993 2394 3049 undecimo
2413 2996 2624 3050 saeculo.

2368 3084 2456 3140 IV.
2499 3085 2842 3149 Quandonam
2869 3087 3120 3158 Hexapla
3153 3096 3477 3162 perierint.

2043 3143 2088 3204 ο
2183 3173 2298 3228 Jam
2329 3185 2493 3230 restat
2515 3187 2571 3230 ut
2597 3177 2965 3246 disquiramus
2997 3143 3113 3249 quo
3153 3143 3460 3255 tempore
3496 3196 3617 3242 tam
3652 3202 3756 3242 no-

2114 3267 2218 3321 bile
2246 3275 2494 3334 tantoque
2519 3267 2699 3322 labore
2727 3279 2938 3338 partum
2957 3288 3102 3341 opus
3126 3273 3429 3333 funditus
3447 3279 3736 3334 interierit

2115 3353 2169 3408 ld
2190 3369 2254 3407 ex
2285 3354 2503 3408 raritate
2528 3357 2911 3424 exemplarium
2959 3361 3286 3432 accidisse,
3331 3374 3404 3420 ut
3462 3382 3648 3438 supra
3680 3367 3764 3422 dia

2115 3454 2257 3498 etum
2287 3453 2386 3508 est,
2418 3454 2616 3498 certum
2640 3447 2899 3502 habemus
2930 3464 2942 3500 :
2977 3450 3143 3505 initio
3176 3457 3366 3510 enim
3397 3461 3557 3514 satis
3589 3459 3765 3513 habe-

2116 3533 2264 3598 bant,
2297 3535 2342 3588 si
2370 3549 2482 3601 eas,
2538 3550 2672 3603 quas
2710 3537 2959 3593 meliores
3007 3541 3469 3602 existimabant
3503 3558 3772 3604 veterum

2117 3625 2459 3692 interpretum
2514 3627 2803 3694 lectiones,
2858 3630 2914 3684 in
2964 3635 3360 3703 marginibus
3437 3641 3774 3698 Bibliorum

2116 3715 2488 3770 describerent.
2547 3718 2746 3773 Inﬁmis
2799 3735 2925 3776 vero
2982 3727 3223 3782 saeculis
3280 3733 3482 3787 etiam
3546 3733 3626 3788 ab
3670 3734 3782 3789 hac

2116 3804 2486 3873 marginalium
2528 3806 2818 3862 lectionum
2852 3809 3229 3870 adnotatione
3285 3830 3614 3876 cessatum
3649 3831 3777 3885 est;

2119 3895 2256 3947 unde
2305 3894 2558 3961 contingit
2627 3905 2686 3948 ut
2738 3896 2998 3953 lectiones
3054 3901 3169 3956 illae
3253 3918 3324 3963 et
3412 3911 3787 3980 interpreta-

2119 3986 2294 4039 tiones
2323 3985 2375 4036 in
2399 3984 2780 4052 antiquissimis
2803 3987 3084 4046 codicibus
3136 4000 3400 4066 saepius
3470 4001 3792 4071 reperian-

2120 4085 2226 4139 tur,
2256 4089 2410 4127 secus
2439 4082 2615 4126 autem
2647 4074 2700 4125 in
2727 4079 3143 4137 recentioribus.
3197 4088 3390 4145 Cum
3441 4093 3665 4162 priora
3697 4093 3799 4163 igi-

2121 4175 2207 4256 tur
2260 4164 2614 4233 llexaplorum
2657 4169 2981 4236 exemplaria
3019 4184 3355 4238 vetustate
3429 4196 3804 4256 consumpta

2118 4253 2362 4317 fuissent,
2381 4253 2713 4345 exscribendi
2733 4258 3054 4326 negligentia
3083 4274 3314 4326 totum
3365 4290 3538 4344 opus
3565 4276 3632 4330 in
3667 4253 3806 4345 pet-

2119 4342 2313 4396 niciem
2349 4341 2461 4394 ivit.
2488 4343 2545 4395 ld
2574 4358 2699 4396 vero
2715 4347 3060 4413 quandonam
3085 4341 3434 4418 acciderit
3449 4366 3634 4419 nullo
3660 4341 3812 4424 scri-

567 4459 983 4521 Poucnnomus,
1011 4467 1068 4512 ut
1089 4473 1153 4512 ex
1178 4432 1635 4526 fragmentisejus
1675 4458 1728 4510 in
1779 4457 2016 4525 Cantica,
2046 4469 2095 4528 ο
2119 4432 2972 4528 morum.le§ti"]f)ni°i"dicawr’
3015 4437 3293 4505 certum
3333 4456 3606 4523 (ιυίόθιη
3646 4456 3813 4509 Vide‘

500 4551 553 4604 in
581 4549 702 4616 Job,
735 4551 789 4602 in
817 4549 1130 4602 Ezechielem
1168 4555 1220 4603 et
1247 4550 1301 4601 in
1330 4547 1615 4611 Danielem,
1647 4562 1766 4616 qua:
1782 4549 1832 4601 in
1861 4549 2019 4603 Cate-

499 4639 584 4693 nis
611 4647 840 4704 exstant,
867 4637 1122 4707 arguitur,
1152 4636 1407 4693 Hebraice
1435 4637 1619 4691 doctus
1639 4636 1758 4700 fuit,
1791 4635 2020 4704 liexapla

499 4746 660 4801 penes
685 4746 744 4786 se
766 4731 966 4797 habuit,
1005 4731 1176 4800 iisque
1223 4728 1524 4798 frequenter
1567 4743 1696 4783 usus
1736 4736 1816 4782 est
1847 4728 1899 4782 in
1926 4744 2032 4790 ex-_

503 4821 854 4888 positionibus
879 4821 1012 4876 suis.
1313 4810 1319 4814 ’

569 4907 826 4964 Οῖιιιιιυε
849 4909 1238 4965 Alexandrinus
1264 4909 1616 4980 Hexaplorum
1654 4909 1904 4964 lectiones
1937 4924 2020 4962 ra-

502 4997 714 5050 rissime
738 4999 930 5052 attulit.

573 5085 952 5143 'l‘nsononerus
986 5089 1037 5142 in
1069 5088 1476 5144 Commentariis
1515 5088 1626 5144 suis
1652 5097 1887 5142 veterum
1940 5087 2021 5140 in-

505 5179 790 5240 terpretum
805 5173 1079 5240 lectiones,
1099 5184 1156 5229 ut
1178 5177 1230 5229 in
1257 5174 1504 5246 Hexaplis
1525 5183 1698 5240 erant,
1729 5172 2023 5241 smpissime

503 5263 670 5324 atfert,
706 5259 876 5327 iisque
921 5263 1177 5330 sagaciter
1225 5264 1408 5328 utitur,
1468 5275 1728 5334 opemque
1775 5273 2018 5328 magnam

501 5352 622 5408 tulit
649 5351 702 5403 in
735 5349 835 5404 hac
866 5351 1064 5406 edenda
1088 5354 1416 5410 collectione.

567 5438 791 5493 Josms
826 5436 1149 5508 Philoponus
1162 5441 1537 5497 Commentario
1566 5443 1619 5494 in
1645 5437 2016 5500 Hexaemeron,

500 5527 721 5587 Genesis
751 5527 978 5594 primum
1017 5528 1124 5582 fere
1145 5540 1304 5599 caput
1324 5531 1586 5603 integrum
1625 5525 1915 5584 secundum
1939 5525 2020 5578 in-

500 5617 902 5688 terpretationes
933 5617 1155 5687 Aquilae,
1199 5619 1498 5690 Symmachi
1545 5630 1596 5676 et
1646 5613 2019 5673 Theodotionis

501 5711 653 5765 nobis
675 5709 1026 5763 conservavit.

2121 4530 2207 4574 tur
2256 4519 2628 4589 primigenium
2668 4521 3038 4592 Tetraplorum
3072 4539 3130 4583 et
3155 4519 3641 4612 ﬂexa—piorum
3673 4545 3812 4598 υνξ-

2119 4609 2268 4679 genis
2300 4609 2572 4676 exemplar
2603 4610 2657 4664 in
2685 4614 2880 4666 celebri
2904 4614 2993 4667 illa
3033 4609 3451 4688 Caesariensi
3517 4635 3815 4704 martyris

2117 4697 2377 4766 Pamphili
2409 4699 2728 4755 bibliotheca
2757 4705 3120 4772 remansisse;
3155 4724 3338 4772 eam
3356 4697 3809 4778 bibliothecam

2117 4797 2499 4842 commemorat
2526 4789 2691 4842 codex
2723 4790 3084 4858 Epistularum
3122 4795 3190 4849 S.
3245 4803 3447 4864 Pauli
3480 4811 3811 4866 ροίδιίηίε-

2118 4893 2241 4974 nus,
2275 4893 2378 4946 quo
2398 4879 2669 4974 antiquior
2702 4881 2835 4974 alter
2869 4895 2972 4936 non
3022 4897 3371 4965 superest,
3431 4912 3504 4957 αι
3553 4904 3798 4974 quidem

2118 4967 2365 5062 arbitror.
2400 4967 2457 5019 ln
2491 4971 2844 5062 nota—quippe
2885 4972 2958 5030 ad
2983 4977 3201 5033 calcem
3282 4994 3496 5060 posita
3552 4967 3797 5062 dicitur,

2119 5058 2266 5110 illum
2308 5057 2475 5125 ipsum
2532 5059 2769 5114 codicem
2813 5064 3066 5124 collatum
3125 5057 3358 5136 fuisse
3392 5082 3686 5143 δεθείη-εκ
3719 5089 3775 5143 in

2117 5149 2434 5249 bibliotheca
2464 5147 2828 5249 _S.Pa_mpliili,
2868 5162 2937 5218 ad
2977 5168 3294 5243 exemplar
3333 5177 3535 5249 ipsius
3587 5179 3761 5237 Pam-

2117 5239 2246 5346 phili
2271 5253 2432 5346 ωξιιιιξ
2454 5239 2786 5346 descriptum
2818 5269 2832 5305 :
2871 5239 3204 5344 Ἀντεδλήὸη
3235 5239 3545 5346 καίπρδς
3584 5275 3647 5329 τδ
3667 5277 3733 5329 ἐν

2118 5329 2386 5440 Ξαισαιςίᾳ
2414 5329 2433 5398 (
2452 5333 2560 5440 Sic?
2593 5336 2932 5419 ἀντίγραφον
2945 5360 3043 5435 τῆς
3061 5329 3564 5440 βιξδλίοὒὴκηξτέῦ
3583 5367 3739 5434 ἁγίου

2118 5423 2392 5525 Ἡξιξοξφξξιου
2431 5427 2570 5525 ὶίῗιρὶ
2601 5423 3514 5525 TEYpauuévou'Zng"amcitia
3549 5423 3734 5510 eadem

2925 5560 2983 5610 at
2995 5573 3059 5615 ex

2729 5577 2764 5587 ··’
2796 5577 2983 5648 “nam
2995 5577 3318 5652 exempt?“
3353 5577 3574 5595 “”“‘“‘°
3595 5577 3745 5638 “\N‘f

2729 5667 2744 5691 ’
2773 5645 2872 5702 q‘“
2919 5643 2980 5707 in
3021 5663 3276 5736 Vicini?
3334 5625 3623 5736 Ῠῗῗῗὶθῖ
3643 5630 3764 5736 {05”
