  <div class='ocr_page' id='page_1' title='image "/cluster/home/n/w/nwhite01/storage/ocr_20150623/15 (Origen, pt. 5)/nyp.33433081862306/077.png"; bbox 0 0 3878 6354; ppageno 0'>
   <div class='ocr_carea' id='block_1_1' title="bbox 568 371 3665 453">
    <p class='ocr_par' dir='ltr' id='par_1_1' title="bbox 568 371 3665 453">
     <span class='ocr_line' id='line_1_1' title="bbox 568 371 3665 453; baseline -0.01 -1"><span class='ocrx_word' id='word_1_1' title='bbox 568 378 671 453; x_wconf 65' lang='grc' dir='ltr'><strong>ἀι.</strong></span> <span class='ocrx_word' id='word_1_2' title='bbox 1879 377 2385 439; x_wconf 57' lang='grc' dir='ltr'>ιιιιωιιιιιιΝΑιιιΑ</span> <span class='ocrx_word' id='word_1_3' title='bbox 3577 371 3665 432; x_wconf 62' lang='lat' dir='ltr'><strong>tu</strong></span> 
     </span>
    </p>
   </div>
   <div class='ocr_carea' id='block_1_2' title="bbox 575 533 3659 572">
    <p class='ocr_par' dir='ltr' id='par_1_2' title="bbox 575 533 3659 572">
     <span class='ocr_line' id='line_1_2' title="bbox 575 533 3659 572; baseline -0.006 0"><span class='ocrx_word' id='word_1_4' title='bbox 575 533 3659 572; x_wconf 67' lang='lat'><strong>_—_—__——-.———_————-—-———__—_—-_——__—.</strong></span> 
     </span>
    </p>
   </div>
   <div class='ocr_carea' id='block_1_3' title="bbox 930 687 3334 798">
    <p class='ocr_par' dir='ltr' id='par_1_3' title="bbox 930 687 3334 798">
     <span class='ocr_line' id='line_1_3' title="bbox 930 687 3334 798; baseline -0.01 0"><span class='ocrx_word' id='word_1_5' title='bbox 930 701 1657 798; x_wconf 86' lang='lat' dir='ltr'><strong>TESTIMONIA</strong></span> <span class='ocrx_word' id='word_1_6' title='bbox 1711 701 1833 788; x_wconf 81' lang='lat' dir='ltr'><strong>IN.</strong></span> <span class='ocrx_word' id='word_1_7' title='bbox 1903 693 2424 792; x_wconf 72' lang='lat' dir='ltr'><strong>VETERES</strong></span> <span class='ocrx_word' id='word_1_8' title='bbox 2496 687 3334 780; x_wconf 80' lang='lat' dir='ltr'><strong>INTEBPRETES.</strong></span> 
     </span>
    </p>
   </div>
   <div class='ocr_carea' id='block_1_4' title="bbox 2116 910 2184 923">
    <p class='ocr_par' dir='ltr' id='par_1_4' title="bbox 2116 910 2184 923">
     <span class='ocr_line' id='line_1_4' title="bbox 2116 910 2184 923; baseline -0.029 0"><span class='ocrx_word' id='word_1_9' title='bbox 2116 910 2184 923; x_wconf 73' lang='grc' dir='ltr'><strong>..ι-</strong></span> 
     </span>
    </p>
   </div>
   <div class='ocr_carea' id='block_1_5' title="bbox 1793 1032 2498 1103">
    <p class='ocr_par' dir='ltr' id='par_1_5' title="bbox 1793 1032 2498 1103">
     <span class='ocr_line' id='line_1_5' title="bbox 1793 1032 2498 1103; baseline -0.01 -11"><span class='ocrx_word' id='word_1_10' title='bbox 1793 1039 2022 1094; x_wconf 71' lang='lat' dir='ltr'><strong>Ireuwus</strong></span> <span class='ocrx_word' id='word_1_11' title='bbox 2044 1036 2137 1090; x_wconf 86' lang='lat' dir='ltr'><strong>tib.</strong></span> <span class='ocrx_word' id='word_1_12' title='bbox 2165 1051 2247 1102; x_wconf 90' lang='grc' dir='ltr'><strong>ιιι,</strong></span> <span class='ocrx_word' id='word_1_13' title='bbox 2269 1049 2382 1103; x_wconf 86' lang='lat' dir='ltr'><strong>cap.</strong></span> <span class='ocrx_word' id='word_1_14' title='bbox 2410 1032 2498 1086; x_wconf 65' lang='lat'><strong>24.</strong></span> 
     </span>
    </p>
   </div>
   <div class='ocr_carea' id='block_1_6' title="bbox 634 1175 3681 1269">
    <p class='ocr_par' dir='ltr' id='par_1_6' title="bbox 634 1175 3681 1269">
     <span class='ocr_line' id='line_1_6' title="bbox 634 1175 3681 1269; baseline -0.011 -6"><span class='ocrx_word' id='word_1_15' title='bbox 634 1202 756 1262; x_wconf 68' lang='grc' dir='ltr'>ἱῦοιι</span> <span class='ocrx_word' id='word_1_16' title='bbox 775 1219 901 1261; x_wconf 76' lang='lat' dir='ltr'><strong>vera</strong></span> <span class='ocrx_word' id='word_1_17' title='bbox 931 1209 1013 1259; x_wconf 91' lang='lat' dir='ltr'><strong>est</strong></span> <span class='ocrx_word' id='word_1_18' title='bbox 1067 1198 1455 1269; x_wconf 73' lang='lat' dir='ltr'><strong>interpretatio,</strong></span> <span class='ocrx_word' id='word_1_19' title='bbox 1510 1194 1637 1248; x_wconf 82' lang='lat' dir='ltr'><strong>Ecce</strong></span> <span class='ocrx_word' id='word_1_20' title='bbox 1685 1190 2089 1253; x_wconf 74' lang='lat' dir='ltr'><strong>adolescentula,</strong></span> <span class='ocrx_word' id='word_1_21' title='bbox 2121 1184 2542 1256; x_wconf 68' lang='lat' dir='ltr'><strong>Ainterpretati.</strong></span> <span class='ocrx_word' id='word_1_22' title='bbox 2622 1182 2759 1238; x_wconf 83' lang='lat' dir='ltr'><strong>Hinc</strong></span> <span class='ocrx_word' id='word_1_23' title='bbox 2826 1179 3063 1235; x_wconf 74' lang='lat' dir='ltr'><strong>Ehionaei</strong></span> <span class='ocrx_word' id='word_1_24' title='bbox 3141 1193 3217 1234; x_wconf 57' lang='lat' dir='ltr'><strong>ex</strong></span> <span class='ocrx_word' id='word_1_25' title='bbox 3265 1175 3452 1246; x_wconf 69' lang='lat' dir='ltr'><strong>Ioseph</strong></span> <span class='ocrx_word' id='word_1_26' title='bbox 3525 1187 3681 1232; x_wconf 90' lang='lat' dir='ltr'><strong>natu</strong></span> 
     </span>
    </p>
   </div>
   <div class='ocr_carea' id='block_1_7' title="bbox 569 1277 2378 1362">
    <p class='ocr_par' dir='ltr' id='par_1_7' title="bbox 569 1277 2378 1362">
     <span class='ocr_line' id='line_1_7' title="bbox 569 1277 2378 1362; baseline -0.014 -8"><span class='ocrx_word' id='word_1_27' title='bbox 569 1308 636 1355; x_wconf 76' lang='lat' dir='ltr'><strong>ut</strong></span> <span class='ocrx_word' id='word_1_28' title='bbox 681 1296 974 1351; x_wconf 83' lang='lat' dir='ltr'><strong>Theodotio</strong></span> <span class='ocrx_word' id='word_1_29' title='bbox 1031 1291 1292 1362; x_wconf 84' lang='lat' dir='ltr'><strong>Ephesius</strong></span> <span class='ocrx_word' id='word_1_30' title='bbox 1334 1297 1390 1345; x_wconf 91' lang='lat' dir='ltr'><strong>et</strong></span> <span class='ocrx_word' id='word_1_31' title='bbox 1434 1285 1626 1355; x_wconf 85' lang='lat' dir='ltr'><strong>Aquila</strong></span> <span class='ocrx_word' id='word_1_32' title='bbox 1673 1283 1926 1339; x_wconf 87' lang='lat' dir='ltr'><strong>Ponticus</strong></span> <span class='ocrx_word' id='word_1_33' title='bbox 1981 1289 2105 1336; x_wconf 88' lang='lat' dir='ltr'><strong>sunt</strong></span> <span class='ocrx_word' id='word_1_34' title='bbox 2208 1277 2378 1330; x_wconf 90' lang='lat' dir='ltr'><strong>aiunt.</strong></span> 
     </span>
    </p>
   </div>
   <div class='ocr_carea' id='block_1_8' title="bbox 1259 1387 2785 1475">
    <p class='ocr_par' dir='ltr' id='par_1_8' title="bbox 1259 1387 2785 1475">
     <span class='ocr_line' id='line_1_8' title="bbox 1259 1387 2785 1475; baseline -0.011 -15"><span class='ocrx_word' id='word_1_35' title='bbox 1259 1406 1403 1475; x_wconf 72' lang='lat' dir='ltr'><strong>Orig.</strong></span> <span class='ocrx_word' id='word_1_36' title='bbox 1434 1404 1715 1459; x_wconf 79' lang='lat' dir='ltr'><strong>Comment.</strong></span> <span class='ocrx_word' id='word_1_37' title='bbox 1744 1402 1797 1454; x_wconf 82' lang='lat' dir='ltr'><strong>in</strong></span> <span class='ocrx_word' id='word_1_38' title='bbox 1824 1399 2149 1463; x_wconf 72' lang='lat' dir='ltr'><strong>Matthwum,</strong></span> <span class='ocrx_word' id='word_1_39' title='bbox 2180 1394 2338 1447; x_wconf 84' lang='lat' dir='ltr'><strong>Huet.</strong></span> <span class='ocrx_word' id='word_1_40' title='bbox 2363 1408 2415 1461; x_wconf 86' lang='lat' dir='ltr'><strong>p.</strong></span> <span class='ocrx_word' id='word_1_41' title='bbox 2442 1391 2566 1453; x_wconf 76' lang='grc'><strong>581,</strong></span> <span class='ocrx_word' id='word_1_42' title='bbox 2593 1400 2717 1444; x_wconf 84' lang='grc' dir='ltr'>ιοηι.</span> <span class='ocrx_word' id='word_1_43' title='bbox 2744 1387 2785 1443; x_wconf 90' lang='grc'><strong>1.</strong></span> 
     </span>
    </p>
   </div>
   <div class='ocr_carea' id='block_1_9' title="bbox 644 1473 2175 1570">
    <p class='ocr_par' dir='ltr' id='par_1_9' title="bbox 644 1473 2094 1570">
     <span class='ocr_line' id='line_1_9' title="bbox 644 1473 2094 1570; baseline -0.009 -13"><span class='ocrx_word' id='word_1_44' title='bbox 644 1502 794 1557; x_wconf 89' lang='lat' dir='ltr'><strong>Nunc</strong></span> <span class='ocrx_word' id='word_1_45' title='bbox 823 1511 997 1556; x_wconf 91' lang='lat' dir='ltr'><strong>autem</strong></span> <span class='ocrx_word' id='word_1_46' title='bbox 1040 1514 1230 1570; x_wconf 78' lang='lat' dir='ltr'><strong>magna</strong></span> <span class='ocrx_word' id='word_1_47' title='bbox 1276 1473 1686 1566; x_wconf 82' lang='lat' dir='ltr'><strong>deprehenditur</strong></span> <span class='ocrx_word' id='word_1_48' title='bbox 1711 1493 2094 1562; x_wconf 80' lang='lat' dir='ltr'><strong>exemplarium</strong></span> 
     </span>
    </p>
   </div>
   <div class='ocr_carea' id='block_1_10' title="bbox 2155 1473 3686 1570">
    <p class='ocr_par' dir='ltr' id='par_1_10' title="bbox 2266 1473 3686 1555">
     <span class='ocr_line' id='line_1_10' title="bbox 2266 1473 3686 1555; baseline -0.011 -16"><span class='ocrx_word' id='word_1_49' title='bbox 2266 1485 2400 1539; x_wconf 77' lang='grc' dir='ltr'>Νυνὶ</span> <span class='ocrx_word' id='word_1_50' title='bbox 2430 1485 2486 1537; x_wconf 85' lang='grc' dir='ltr'>δὲ</span> <span class='ocrx_word' id='word_1_51' title='bbox 2514 1484 2746 1555; x_wconf 87' lang='grc' dir='ltr'>δηλονότι</span> <span class='ocrx_word' id='word_1_52' title='bbox 2768 1482 2932 1549; x_wconf 79' lang='grc' dir='ltr'>πολλὴ</span> <span class='ocrx_word' id='word_1_53' title='bbox 2959 1481 3233 1548; x_wconf 77' lang='grc' dir='ltr'>γέγονεν-η</span> <span class='ocrx_word' id='word_1_54' title='bbox 3256 1477 3359 1528; x_wconf 89' lang='grc' dir='ltr'><strong>τῶν</strong></span> <span class='ocrx_word' id='word_1_55' title='bbox 3384 1473 3686 1545; x_wconf 71' lang='grc' dir='ltr'><strong>ἀντιγράφων</strong></span> 
     </span>
    </p>
   </div>
   <div class='ocr_carea' id='block_1_11' title="bbox 572 1565 2103 1658">
    <p class='ocr_par' dir='ltr' id='par_1_11' title="bbox 572 1565 2094 1658">
     <span class='ocr_line' id='line_1_11' title="bbox 572 1565 2094 1658; baseline -0.009 -11"><span class='ocrx_word' id='word_1_56' title='bbox 572 1592 901 1656; x_wconf 75' lang='lat' dir='ltr'><strong>diil&#39;erentia,</strong></span> <span class='ocrx_word' id='word_1_57' title='bbox 952 1600 1061 1645; x_wconf 91' lang='lat' dir='ltr'><strong>tum</strong></span> <span class='ocrx_word' id='word_1_58' title='bbox 1103 1565 1317 1658; x_wconf 66' lang='lat' dir='ltr'><strong>propter</strong></span> <span class='ocrx_word' id='word_1_59' title='bbox 1347 1565 1647 1641; x_wconf 83' lang='lat' dir='ltr'><strong>scribarum</strong></span> <span class='ocrx_word' id='word_1_60' title='bbox 1682 1581 2094 1653; x_wconf 72' lang='lat' dir='ltr'><strong>indiligentiam,</strong></span> 
     </span>
    </p>
   </div>
   <div class='ocr_carea' id='block_1_12' title="bbox 2160 1565 3691 1658">
    <p class='ocr_par' dir='ltr' id='par_1_12' title="bbox 2198 1565 3691 1646">
     <span class='ocr_line' id='line_1_12' title="bbox 2198 1565 3691 1646; baseline -0.009 -17"><span class='ocrx_word' id='word_1_61' title='bbox 2198 1576 2438 1646; x_wconf 80' lang='grc' dir='ltr'>διαφορά,</span> <span class='ocrx_word' id='word_1_62' title='bbox 2457 1574 2563 1627; x_wconf 68' lang='grc' dir='ltr'>εἴτε</span> <span class='ocrx_word' id='word_1_63' title='bbox 2587 1574 2690 1626; x_wconf 84' lang='grc' dir='ltr'>ἀπὸ</span> <span class='ocrx_word' id='word_1_64' title='bbox 2717 1572 2981 1643; x_wconf 74' lang='grc' dir='ltr'><strong>ῥᾳθυμίας</strong></span> <span class='ocrx_word' id='word_1_65' title='bbox 3007 1569 3165 1622; x_wconf 89' lang='grc' dir='ltr'>τινῶν</span> <span class='ocrx_word' id='word_1_66' title='bbox 3192 1568 3453 1638; x_wconf 83' lang='grc' dir='ltr'><strong>γραφέων,</strong></span> <span class='ocrx_word' id='word_1_67' title='bbox 3476 1566 3574 1617; x_wconf 75' lang='grc' dir='ltr'>εἴτε</span> <span class='ocrx_word' id='word_1_68' title='bbox 3604 1565 3691 1617; x_wconf 71' lang='grc' dir='ltr'>ἀπὸ</span> 
     </span>
    </p>
   </div>
   <div class='ocr_carea' id='block_1_13' title="bbox 575 1654 2106 1748">
    <p class='ocr_par' dir='ltr' id='par_1_13' title="bbox 575 1654 2098 1748">
     <span class='ocr_line' id='line_1_13' title="bbox 575 1654 2098 1748; baseline -0.008 -15"><span class='ocrx_word' id='word_1_69' title='bbox 575 1689 690 1733; x_wconf 90' lang='lat' dir='ltr'><strong>tum</strong></span> <span class='ocrx_word' id='word_1_70' title='bbox 759 1654 971 1748; x_wconf 75' lang='lat' dir='ltr'><strong>propter</strong></span> <span class='ocrx_word' id='word_1_71' title='bbox 1016 1654 1367 1746; x_wconf 81' lang='lat' dir='ltr'><strong>quorumdam</strong></span> <span class='ocrx_word' id='word_1_72' title='bbox 1431 1672 1704 1727; x_wconf 86' lang='lat' dir='ltr'><strong>audaciam</strong></span> <span class='ocrx_word' id='word_1_73' title='bbox 1778 1683 2098 1740; x_wconf 81' lang='lat' dir='ltr'><strong>pravamque</strong></span> 
     </span>
    </p>
   </div>
   <div class='ocr_carea' id='block_1_14' title="bbox 2161 1654 3692 1748">
    <p class='ocr_par' dir='ltr' id='par_1_14' title="bbox 2199 1654 3692 1736">
     <span class='ocr_line' id='line_1_14' title="bbox 2199 1654 3692 1736; baseline -0.011 -17"><span class='ocrx_word' id='word_1_74' title='bbox 2199 1666 2395 1736; x_wconf 84' lang='grc' dir='ltr'>τόλμης</span> <span class='ocrx_word' id='word_1_75' title='bbox 2426 1663 2582 1716; x_wconf 83' lang='grc' dir='ltr'>τινῶν</span> <span class='ocrx_word' id='word_1_76' title='bbox 2627 1661 2897 1731; x_wconf 81' lang='grc' dir='ltr'>μοχθηρᾶς</span> <span class='ocrx_word' id='word_1_77' title='bbox 2938 1675 2996 1710; x_wconf 89' lang='grc' dir='ltr'><strong>τε</strong></span> <span class='ocrx_word' id='word_1_78' title='bbox 3039 1655 3363 1726; x_wconf 81' lang='grc' dir='ltr'><strong>διορθώσεως</strong></span> <span class='ocrx_word' id='word_1_79' title='bbox 3392 1654 3492 1705; x_wconf 89' lang='grc' dir='ltr'><strong>τῶν</strong></span> <span class='ocrx_word' id='word_1_80' title='bbox 3518 1668 3692 1722; x_wconf 85' lang='grc' dir='ltr'>γραφο-</span> 
     </span>
    </p>
   </div>
   <div class='ocr_carea' id='block_1_15' title="bbox 570 1742 2101 1837">
    <p class='ocr_par' dir='ltr' id='par_1_15' title="bbox 570 1763 2099 1837">
     <span class='ocr_line' id='line_1_15' title="bbox 570 1763 2099 1837; baseline -0.007 -14"><span class='ocrx_word' id='word_1_81' title='bbox 570 1768 855 1837; x_wconf 66' lang='lat' dir='ltr'><strong>scriptura:</strong></span> <span class='ocrx_word' id='word_1_82' title='bbox 902 1765 1356 1830; x_wconf 88' lang='lat' dir='ltr'><strong>emendationem;</strong></span> <span class='ocrx_word' id='word_1_83' title='bbox 1406 1771 1516 1817; x_wconf 91' lang='lat' dir='ltr'><strong>tum</strong></span> <span class='ocrx_word' id='word_1_84' title='bbox 1560 1763 1719 1816; x_wconf 91' lang='lat' dir='ltr'><strong>etiam</strong></span> <span class='ocrx_word' id='word_1_85' title='bbox 1758 1769 1968 1829; x_wconf 89' lang='lat' dir='ltr'><strong>propter</strong></span> <span class='ocrx_word' id='word_1_86' title='bbox 2006 1773 2099 1812; x_wconf 83' lang='lat' dir='ltr'><strong>eos</strong></span> 
     </span>
    </p>
   </div>
   <div class='ocr_carea' id='block_1_16' title="bbox 2161 1742 3692 1837">
    <p class='ocr_par' dir='ltr' id='par_1_16' title="bbox 2205 1742 3692 1828">
     <span class='ocr_line' id='line_1_16' title="bbox 2205 1742 3692 1828; baseline -0.011 -19"><span class='ocrx_word' id='word_1_87' title='bbox 2205 1757 2401 1828; x_wconf 85' lang='grc' dir='ltr'>μένων,</span> <span class='ocrx_word' id='word_1_88' title='bbox 2427 1753 2535 1806; x_wconf 73' lang='grc' dir='ltr'>εἴτε</span> <span class='ocrx_word' id='word_1_89' title='bbox 2573 1753 2664 1804; x_wconf 73' lang='grc' dir='ltr'>καὶ</span> <span class='ocrx_word' id='word_1_90' title='bbox 2694 1751 2799 1802; x_wconf 85' lang='grc' dir='ltr'>ἀπὸ</span> <span class='ocrx_word' id='word_1_91' title='bbox 2826 1748 2933 1801; x_wconf 85' lang='grc' dir='ltr'><strong>τῶν</strong></span> <span class='ocrx_word' id='word_1_92' title='bbox 2963 1747 3029 1799; x_wconf 77' lang='grc' dir='ltr'>τὰ</span> <span class='ocrx_word' id='word_1_93' title='bbox 3077 1747 3283 1805; x_wconf 82' lang='grc' dir='ltr'><strong>ἑαυτοῖς</strong></span> <span class='ocrx_word' id='word_1_94' title='bbox 3306 1742 3546 1794; x_wconf 82' lang='grc' dir='ltr'>δοκοῦντα</span> <span class='ocrx_word' id='word_1_95' title='bbox 3568 1744 3617 1793; x_wconf 82' lang='grc' dir='ltr'>ὲν</span> <span class='ocrx_word' id='word_1_96' title='bbox 3639 1744 3692 1810; x_wconf 79' lang='grc' dir='ltr'>τῇ</span> 
     </span>
    </p>
   </div>
   <div class='ocr_carea' id='block_1_17' title="bbox 567 1831 2098 1927">
    <p class='ocr_par' dir='ltr' id='par_1_17' title="bbox 567 1831 2098 1927">
     <span class='ocr_line' id='line_1_17' title="bbox 567 1831 2098 1927; baseline -0.008 -15"><span class='ocrx_word' id='word_1_97' title='bbox 567 1831 705 1927; x_wconf 71' lang='lat' dir='ltr'><strong>qui,</strong></span> <span class='ocrx_word' id='word_1_98' title='bbox 732 1858 857 1911; x_wconf 93' lang='lat' dir='ltr'><strong>dum</strong></span> <span class='ocrx_word' id='word_1_99' title='bbox 890 1856 1251 1925; x_wconf 85' lang='lat' dir='ltr'><strong>corrigerent,</strong></span> <span class='ocrx_word' id='word_1_100' title='bbox 1284 1852 1524 1922; x_wconf 64' lang='lat' dir='ltr'><strong>quaedam</strong></span> <span class='ocrx_word' id='word_1_101' title='bbox 1562 1865 1657 1920; x_wconf 89' lang='lat' dir='ltr'><strong>pro</strong></span> <span class='ocrx_word' id='word_1_102' title='bbox 1684 1849 1904 1905; x_wconf 88' lang='lat' dir='ltr'><strong>arbitrio</strong></span> <span class='ocrx_word' id='word_1_103' title='bbox 1954 1847 2098 1901; x_wconf 91' lang='lat' dir='ltr'><strong>addi-</strong></span> 
     </span>
    </p>
   </div>
   <div class='ocr_carea' id='block_1_18' title="bbox 2163 1831 3694 1927">
    <p class='ocr_par' dir='ltr' id='par_1_18' title="bbox 2198 1831 3694 1918">
     <span class='ocr_line' id='line_1_18' title="bbox 2198 1831 3694 1918; baseline -0.013 -18"><span class='ocrx_word' id='word_1_104' title='bbox 2198 1845 2473 1918; x_wconf 83' lang='grc' dir='ltr'><strong>διορθώσει</strong></span> <span class='ocrx_word' id='word_1_105' title='bbox 2513 1840 2934 1914; x_wconf 81' lang='grc' dir='ltr'><strong>προστιθέντων,</strong></span> <span class='ocrx_word' id='word_1_106' title='bbox 2976 1839 3009 1908; x_wconf 85' lang='grc' dir='ltr'>ἢ</span> <span class='ocrx_word' id='word_1_107' title='bbox 3062 1833 3444 1906; x_wconf 81' lang='grc' dir='ltr'>ἀφαιρούντων.</span> <span class='ocrx_word' id='word_1_108' title='bbox 3475 1833 3576 1900; x_wconf 75' lang='grc' dir='ltr'>Τὴν</span> <span class='ocrx_word' id='word_1_109' title='bbox 3618 1831 3694 1899; x_wconf 83' lang='grc' dir='ltr'><strong>μὲν</strong></span> 
     </span>
    </p>
   </div>
   <div class='ocr_carea' id='block_1_19' title="bbox 572 1919 2103 2010">
    <p class='ocr_par' dir='ltr' id='par_1_19' title="bbox 572 1919 2103 2010">
     <span class='ocr_line' id='line_1_19' title="bbox 572 1919 2103 2010; baseline -0.007 -9"><span class='ocrx_word' id='word_1_110' title='bbox 572 1919 774 2002; x_wconf 75' lang='lat' dir='ltr'><strong>derunt</strong></span> <span class='ocrx_word' id='word_1_111' title='bbox 800 1947 882 2000; x_wconf 84' lang='lat' dir='ltr'><strong>vel</strong></span> <span class='ocrx_word' id='word_1_112' title='bbox 906 1919 1264 1998; x_wconf 70' lang='lat' dir='ltr'><strong>detraxerunt.</strong></span> <span class='ocrx_word' id='word_1_113' title='bbox 1301 1919 1440 1996; x_wconf 70' lang='lat' dir='ltr'><strong>lluic</strong></span> <span class='ocrx_word' id='word_1_114' title='bbox 1466 1919 1621 2010; x_wconf 83' lang='lat' dir='ltr'><strong>porro</strong></span> <span class='ocrx_word' id='word_1_115' title='bbox 1654 1939 1958 1993; x_wconf 72' lang='lat' dir='ltr'><strong>diﬁ‘erentiaa</strong></span> <span class='ocrx_word' id='word_1_116' title='bbox 1987 1951 2103 2006; x_wconf 64' lang='lat' dir='ltr'><strong>qua</strong></span> 
     </span>
    </p>
   </div>
   <div class='ocr_carea' id='block_1_20' title="bbox 2164 1919 3695 2010">
    <p class='ocr_par' dir='ltr' id='par_1_20' title="bbox 2200 1919 3695 2001">
     <span class='ocr_line' id='line_1_20' title="bbox 2200 1919 3695 2001; baseline -0.015 -9"><span class='ocrx_word' id='word_1_117' title='bbox 2200 1935 2290 1991; x_wconf 80' lang='grc' dir='ltr'><strong>οὖν</strong></span> <span class='ocrx_word' id='word_1_118' title='bbox 2319 1940 2377 1990; x_wconf 84' lang='grc' dir='ltr'>ὲν</span> <span class='ocrx_word' id='word_1_119' title='bbox 2406 1937 2514 1996; x_wconf 83' lang='grc' dir='ltr'>τοῖς</span> <span class='ocrx_word' id='word_1_120' title='bbox 2541 1932 2884 2001; x_wconf 83' lang='grc' dir='ltr'>ἀντιγράφοις</span> <span class='ocrx_word' id='word_1_121' title='bbox 2915 1928 3010 1997; x_wconf 81' lang='grc' dir='ltr'>τῆς</span> <span class='ocrx_word' id='word_1_122' title='bbox 3043 1926 3272 1986; x_wconf 79' lang='grc' dir='ltr'>παλαιᾶς</span> <span class='ocrx_word' id='word_1_123' title='bbox 3316 1921 3560 1990; x_wconf 80' lang='grc' dir='ltr'><strong>διαθήκης</strong></span> <span class='ocrx_word' id='word_1_124' title='bbox 3601 1919 3695 1970; x_wconf 87' lang='grc' dir='ltr'>δια-</span> 
     </span>
    </p>
   </div>
   <div class='ocr_carea' id='block_1_21' title="bbox 576 2007 2107 2104">
    <p class='ocr_par' dir='ltr' id='par_1_21' title="bbox 576 2007 2105 2104">
     <span class='ocr_line' id='line_1_21' title="bbox 576 2007 2105 2104; baseline -0.006 -14"><span class='ocrx_word' id='word_1_125' title='bbox 576 2036 636 2090; x_wconf 90' lang='lat' dir='ltr'><strong>in</strong></span> <span class='ocrx_word' id='word_1_126' title='bbox 668 2035 1056 2104; x_wconf 81' lang='lat' dir='ltr'><strong>exemplaribus</strong></span> <span class='ocrx_word' id='word_1_127' title='bbox 1088 2032 1287 2088; x_wconf 77' lang='lat' dir='ltr'><strong>Veteris</strong></span> <span class='ocrx_word' id='word_1_128' title='bbox 1315 2007 1639 2085; x_wconf 73' lang='lat' dir='ltr'><strong>Testameuti</strong></span> <span class='ocrx_word' id='word_1_129' title='bbox 1683 2028 1917 2083; x_wconf 84' lang='lat' dir='ltr'><strong>occurrit</strong></span> <span class='ocrx_word' id='word_1_130' title='bbox 1936 2067 1950 2090; x_wconf 93' lang='lat'><strong>,</strong></span> <span class='ocrx_word' id='word_1_131' title='bbox 1997 2026 2105 2081; x_wconf 85' lang='lat' dir='ltr'><strong>Deo</strong></span> 
     </span>
    </p>
   </div>
   <div class='ocr_carea' id='block_1_22' title="bbox 2168 2007 3699 2104">
    <p class='ocr_par' dir='ltr' id='par_1_22' title="bbox 2204 2007 3699 2104">
     <span class='ocr_line' id='line_1_22' title="bbox 2204 2007 3699 2104; baseline -0.014 -24"><span class='ocrx_word' id='word_1_132' title='bbox 2204 2025 2435 2104; x_wconf 78' lang='grc' dir='ltr'>φωνίαν,</span> <span class='ocrx_word' id='word_1_133' title='bbox 2480 2024 2609 2076; x_wconf 77' lang='grc' dir='ltr'>Θεοῦ</span> <span class='ocrx_word' id='word_1_134' title='bbox 2647 2021 2874 2081; x_wconf 80' lang='grc' dir='ltr'>διδόντος</span> <span class='ocrx_word' id='word_1_135' title='bbox 2907 2018 3132 2088; x_wconf 77' lang='grc' dir='ltr'>εὕρομεν</span> <span class='ocrx_word' id='word_1_136' title='bbox 3167 2012 3441 2073; x_wconf 79' lang='grc' dir='ltr'>ἰάσασθαι,</span> <span class='ocrx_word' id='word_1_137' title='bbox 3472 2007 3699 2081; x_wconf 83' lang='grc' dir='ltr'>κριτηρίῳ</span> 
     </span>
    </p>
   </div>
   <div class='ocr_carea' id='block_1_23' title="bbox 572 2094 2103 2194">
    <p class='ocr_par' dir='ltr' id='par_1_23' title="bbox 572 2094 2102 2194">
     <span class='ocr_line' id='line_1_23' title="bbox 572 2094 2102 2194; baseline -0.005 -15"><span class='ocrx_word' id='word_1_138' title='bbox 572 2125 794 2194; x_wconf 85' lang='lat' dir='ltr'><strong>juvante</strong></span> <span class='ocrx_word' id='word_1_139' title='bbox 824 2094 1128 2177; x_wconf 43' lang='lat' dir='ltr'><strong>.remedium</strong></span> <span class='ocrx_word' id='word_1_140' title='bbox 1178 2121 1482 2185; x_wconf 87' lang='lat' dir='ltr'><strong>attulimus,</strong></span> <span class='ocrx_word' id='word_1_141' title='bbox 1519 2119 1738 2188; x_wconf 89' lang='lat' dir='ltr'><strong>reliquis</strong></span> <span class='ocrx_word' id='word_1_142' title='bbox 1784 2116 2102 2172; x_wconf 87' lang='lat' dir='ltr'><strong>editionibus</strong></span> 
     </span>
    </p>
   </div>
   <div class='ocr_carea' id='block_1_24' title="bbox 2169 2094 3700 2194">
    <p class='ocr_par' dir='ltr' id='par_1_24' title="bbox 2204 2094 3700 2187">
     <span class='ocr_line' id='line_1_24' title="bbox 2204 2094 3700 2187; baseline -0.025 -12"><span class='ocrx_word' id='word_1_143' title='bbox 2204 2094 2528 2187; x_wconf 40' lang='grc' dir='ltr'>χρησάμενοι</span> <span class='ocrx_word' id='word_1_144' title='bbox 2556 2113 2673 2173; x_wconf 84' lang='grc' dir='ltr'>ταῖς</span> <span class='ocrx_word' id='word_1_145' title='bbox 2713 2109 2924 2169; x_wconf 79' lang='grc' dir='ltr'>λοιπαῖς</span> <span class='ocrx_word' id='word_1_146' title='bbox 2956 2105 3242 2158; x_wconf 79' lang='grc' dir='ltr'>ὲκδόσεσιν.</span> <span class='ocrx_word' id='word_1_147' title='bbox 3278 2100 3393 2153; x_wconf 85' lang='grc' dir='ltr'>Τῶν</span> <span class='ocrx_word' id='word_1_148' title='bbox 3430 2104 3531 2171; x_wconf 81' lang='grc' dir='ltr'>γὰρ</span> <span class='ocrx_word' id='word_1_149' title='bbox 3561 2100 3700 2167; x_wconf 74' lang='grc' dir='ltr'>ἀμφι.</span> 
     </span>
    </p>
   </div>
   <div class='ocr_carea' id='block_1_25' title="bbox 580 2183 2111 2281">
    <p class='ocr_par' dir='ltr' id='par_1_25' title="bbox 580 2183 2101 2281">
     <span class='ocr_line' id='line_1_25' title="bbox 580 2183 2101 2281; baseline -0.005 -14"><span class='ocrx_word' id='word_1_150' title='bbox 580 2183 665 2267; x_wconf 69' lang='lat' dir='ltr'><strong>usi</strong></span> <span class='ocrx_word' id='word_1_151' title='bbox 686 2254 700 2273; x_wconf 88' lang='lat'><strong>.</strong></span> <span class='ocrx_word' id='word_1_152' title='bbox 746 2222 803 2268; x_wconf 92' lang='lat' dir='ltr'><strong>ut</strong></span> <span class='ocrx_word' id='word_1_153' title='bbox 831 2229 895 2267; x_wconf 81' lang='lat' dir='ltr'><strong>ex</strong></span> <span class='ocrx_word' id='word_1_154' title='bbox 926 2214 991 2267; x_wconf 90' lang='lat' dir='ltr'><strong>iis</strong></span> <span class='ocrx_word' id='word_1_155' title='bbox 1027 2212 1287 2281; x_wconf 83' lang='lat' dir='ltr'><strong>judicium</strong></span> <span class='ocrx_word' id='word_1_156' title='bbox 1317 2183 1647 2265; x_wconf 43' lang='lat' dir='ltr'><strong>faceremus.</strong></span> <span class='ocrx_word' id='word_1_157' title='bbox 1664 2208 1793 2262; x_wconf 88' lang='lat' dir='ltr'><strong>Nam</strong></span> <span class='ocrx_word' id='word_1_158' title='bbox 1821 2222 1939 2276; x_wconf 69' lang='lat' dir='ltr'><strong>quae</strong></span> <span class='ocrx_word' id='word_1_159' title='bbox 1962 2206 2101 2276; x_wconf 88' lang='lat' dir='ltr'><strong>apud</strong></span> 
     </span>
    </p>
   </div>
   <div class='ocr_carea' id='block_1_26' title="bbox 2170 2183 3701 2281">
    <p class='ocr_par' dir='ltr' id='par_1_26' title="bbox 2206 2183 3701 2269">
     <span class='ocr_line' id='line_1_26' title="bbox 2206 2183 3701 2269; baseline -0.011 -16"><span class='ocrx_word' id='word_1_160' title='bbox 2206 2183 2538 2269; x_wconf 58' lang='grc' dir='ltr'>θαλλομένων</span> <span class='ocrx_word' id='word_1_161' title='bbox 2584 2195 2731 2267; x_wconf 78' lang='grc' dir='ltr'>παρὰ</span> <span class='ocrx_word' id='word_1_162' title='bbox 2771 2196 2881 2256; x_wconf 87' lang='grc' dir='ltr'>τοῖς</span> <span class='ocrx_word' id='word_1_163' title='bbox 2929 2192 3319 2262; x_wconf 77' lang='grc' dir='ltr'>Ἐδδομήκοντα</span> <span class='ocrx_word' id='word_1_164' title='bbox 3364 2187 3448 2240; x_wconf 82' lang='grc' dir='ltr'>διὰ</span> <span class='ocrx_word' id='word_1_165' title='bbox 3486 2187 3576 2256; x_wconf 83' lang='grc' dir='ltr'><strong>τὴν</strong></span> <span class='ocrx_word' id='word_1_166' title='bbox 3617 2183 3701 2236; x_wconf 85' lang='grc' dir='ltr'><strong>τῶν</strong></span> 
     </span>
    </p>
   </div>
   <div class='ocr_carea' id='block_1_27' title="bbox 574 2273 2105 2372">
    <p class='ocr_par' dir='ltr' id='par_1_27' title="bbox 574 2273 2105 2372">
     <span class='ocr_line' id='line_1_27' title="bbox 574 2273 2105 2372; baseline -0.004 -18"><span class='ocrx_word' id='word_1_167' title='bbox 574 2301 720 2355; x_wconf 79' lang='lat' dir='ltr'><strong>LXX</strong></span> <span class='ocrx_word' id='word_1_168' title='bbox 734 2301 789 2356; x_wconf 88' lang='lat' dir='ltr'><strong>1n</strong></span> <span class='ocrx_word' id='word_1_169' title='bbox 798 2273 1048 2372; x_wconf 75' lang='lat' dir='ltr'><strong>terpretes</strong></span> <span class='ocrx_word' id='word_1_170' title='bbox 1067 2309 1278 2370; x_wconf 84' lang='lat' dir='ltr'><strong>propter</strong></span> <span class='ocrx_word' id='word_1_171' title='bbox 1289 2300 1665 2368; x_wconf 84' lang='lat' dir='ltr'><strong>exemplarium</strong></span> <span class='ocrx_word' id='word_1_172' title='bbox 1683 2273 2105 2351; x_wconf 41' lang='lat' dir='ltr'><strong>varietatem—du-</strong></span> 
     </span>
    </p>
   </div>
   <div class='ocr_carea' id='block_1_28' title="bbox 2173 2273 3704 2372">
    <p class='ocr_par' dir='ltr' id='par_1_28' title="bbox 2206 2273 3704 2361">
     <span class='ocr_line' id='line_1_28' title="bbox 2206 2273 3704 2361; baseline -0.012 -19"><span class='ocrx_word' id='word_1_173' title='bbox 2206 2288 2543 2361; x_wconf 81' lang='grc' dir='ltr'>ἀντιγράφων</span> <span class='ocrx_word' id='word_1_174' title='bbox 2583 2285 2891 2354; x_wconf 80' lang='grc' dir='ltr'>διαφωνίαν,</span> <span class='ocrx_word' id='word_1_175' title='bbox 2924 2284 3022 2352; x_wconf 81' lang='grc' dir='ltr'><strong>τὴν</strong></span> <span class='ocrx_word' id='word_1_176' title='bbox 3048 2282 3225 2351; x_wconf 78' lang='grc' dir='ltr'>κρίσιν</span> <span class='ocrx_word' id='word_1_177' title='bbox 3259 2278 3591 2348; x_wconf 88' lang='grc' dir='ltr'>ποιησάμενοι</span> <span class='ocrx_word' id='word_1_178' title='bbox 3619 2273 3704 2325; x_wconf 82' lang='grc' dir='ltr'><strong>ἀπὸ</strong></span> 
     </span>
    </p>
   </div>
   <div class='ocr_carea' id='block_1_29' title="bbox 581 2361 2112 2459">
    <p class='ocr_par' dir='ltr' id='par_1_29' title="bbox 581 2361 2112 2459">
     <span class='ocr_line' id='line_1_29' title="bbox 581 2361 2112 2459; baseline -0.001 -16"><span class='ocrx_word' id='word_1_179' title='bbox 581 2390 668 2444; x_wconf 83' lang='lat' dir='ltr'><strong>bia</strong></span> <span class='ocrx_word' id='word_1_180' title='bbox 701 2361 936 2458; x_wconf 49' lang='lat' dir='ltr'><strong>erant,.e</strong></span> <span class='ocrx_word' id='word_1_181' title='bbox 960 2361 1179 2459; x_wconf 77' lang='lat' dir='ltr'><strong>reliquis</strong></span> <span class='ocrx_word' id='word_1_182' title='bbox 1203 2361 1528 2444; x_wconf 76' lang='lat' dir='ltr'><strong>editionibus</strong></span> <span class='ocrx_word' id='word_1_183' title='bbox 1565 2387 1919 2442; x_wconf 69' lang='lat' dir='ltr'><strong>aestimatione</strong></span> <span class='ocrx_word' id='word_1_184' title='bbox 1944 2385 2112 2449; x_wconf 74' lang='lat' dir='ltr'><strong>facta,</strong></span> 
     </span>
    </p>
   </div>
   <div class='ocr_carea' id='block_1_30' title="bbox 2173 2361 3704 2459">
    <p class='ocr_par' dir='ltr' id='par_1_30' title="bbox 2173 2361 3704 2459">
     <span class='ocr_line' id='line_1_30' title="bbox 2173 2361 3704 2459; baseline -0.013 -25"><span class='ocrx_word' id='word_1_185' title='bbox 2173 2451 2178 2459; x_wconf 28' lang='grc' dir='ltr'>λ</span> <span class='ocrx_word' id='word_1_186' title='bbox 2208 2380 2312 2433; x_wconf 90' lang='grc' dir='ltr'><strong>τῶν</strong></span> <span class='ocrx_word' id='word_1_187' title='bbox 2340 2379 2534 2431; x_wconf 79' lang='grc' dir='ltr'>λοιπῶν</span> <span class='ocrx_word' id='word_1_188' title='bbox 2559 2376 2815 2429; x_wconf 83' lang='grc' dir='ltr'>ὲκδόσεων</span> <span class='ocrx_word' id='word_1_189' title='bbox 2834 2413 2850 2436; x_wconf 93' lang='grc'><strong>,</strong></span> <span class='ocrx_word' id='word_1_190' title='bbox 2885 2373 2946 2426; x_wconf 82' lang='grc' dir='ltr'><strong>τὸ</strong></span> <span class='ocrx_word' id='word_1_191' title='bbox 2978 2371 3194 2442; x_wconf 74' lang='grc' dir='ltr'>συνᾷδον</span> <span class='ocrx_word' id='word_1_192' title='bbox 3221 2368 3444 2430; x_wconf 74' lang='grc' dir='ltr'>ἐκείναις</span> <span class='ocrx_word' id='word_1_193' title='bbox 3480 2361 3704 2432; x_wconf 74' lang='grc' dir='ltr'>ἐφυλάξα-</span> 
     </span>
    </p>
   </div>
   <div class='ocr_carea' id='block_1_31' title="bbox 576 2447 2107 2546">
    <p class='ocr_par' dir='ltr' id='par_1_31' title="bbox 576 2475 2104 2546">
     <span class='ocr_line' id='line_1_31' title="bbox 576 2475 2104 2546; baseline -0.002 -17"><span class='ocrx_word' id='word_1_194' title='bbox 576 2493 703 2546; x_wconf 69' lang='lat' dir='ltr'><strong>qum</strong></span> <span class='ocrx_word' id='word_1_195' title='bbox 737 2494 858 2533; x_wconf 91' lang='lat' dir='ltr'><strong>cum</strong></span> <span class='ocrx_word' id='word_1_196' title='bbox 899 2478 1004 2535; x_wconf 93' lang='lat' dir='ltr'><strong>illis</strong></span> <span class='ocrx_word' id='word_1_197' title='bbox 1049 2478 1433 2533; x_wconf 89' lang='lat' dir='ltr'><strong>conveniebant</strong></span> <span class='ocrx_word' id='word_1_198' title='bbox 1473 2478 1824 2539; x_wconf 84' lang='lat' dir='ltr'><strong>retinuimus;</strong></span> <span class='ocrx_word' id='word_1_199' title='bbox 1865 2475 2104 2543; x_wconf 72' lang='lat' dir='ltr'><strong>quzedam</strong></span> 
     </span>
    </p>
   </div>
   <div class='ocr_carea' id='block_1_32' title="bbox 2177 2447 3708 2546">
    <p class='ocr_par' dir='ltr' id='par_1_32' title="bbox 2177 2449 3708 2541">
     <span class='ocr_line' id='line_1_32' title="bbox 2177 2449 3708 2541; baseline -0.012 -18"><span class='ocrx_word' id='word_1_200' title='bbox 2177 2457 2180 2492; x_wconf 51' lang='grc' dir='ltr'><strong>ί</strong></span> <span class='ocrx_word' id='word_1_201' title='bbox 2211 2487 2307 2541; x_wconf 85' lang='grc' dir='ltr'><strong>μεν</strong></span> <span class='ocrx_word' id='word_1_202' title='bbox 2330 2508 2344 2533; x_wconf 93' lang='grc'><strong>,</strong></span> <span class='ocrx_word' id='word_1_203' title='bbox 2378 2470 2470 2522; x_wconf 76' lang='grc' dir='ltr'>καὶ</span> <span class='ocrx_word' id='word_1_204' title='bbox 2496 2466 2613 2520; x_wconf 81' lang='grc' dir='ltr'>τινὰ</span> <span class='ocrx_word' id='word_1_205' title='bbox 2648 2465 2741 2535; x_wconf 82' lang='grc' dir='ltr'>μὲν</span> <span class='ocrx_word' id='word_1_206' title='bbox 2768 2462 3104 2531; x_wconf 79' lang='grc' dir='ltr'>ὠὸελίσαμεν</span> <span class='ocrx_word' id='word_1_207' title='bbox 3136 2462 3193 2512; x_wconf 81' lang='grc' dir='ltr'>ὲν</span> <span class='ocrx_word' id='word_1_208' title='bbox 3235 2458 3310 2528; x_wconf 81' lang='grc' dir='ltr'>τῷ</span> <span class='ocrx_word' id='word_1_209' title='bbox 3361 2452 3609 2526; x_wconf 81' lang='grc' dir='ltr'>Ἐδραῖκῷ</span> <span class='ocrx_word' id='word_1_210' title='bbox 3651 2449 3708 2519; x_wconf 79' lang='grc' dir='ltr'>μὴ</span> 
     </span>
    </p>
   </div>
   <div class='ocr_carea' id='block_1_33' title="bbox 581 2541 2112 2639">
    <p class='ocr_par' dir='ltr' id='par_1_33' title="bbox 581 2541 2112 2639">
     <span class='ocr_line' id='line_1_33' title="bbox 581 2541 2112 2639; baseline -0.002 -18"><span class='ocrx_word' id='word_1_211' title='bbox 581 2582 731 2631; x_wconf 85' lang='lat' dir='ltr'><strong>vero,</strong></span> <span class='ocrx_word' id='word_1_212' title='bbox 763 2578 942 2639; x_wconf 89' lang='lat' dir='ltr'><strong>utpote</strong></span> <span class='ocrx_word' id='word_1_213' title='bbox 973 2586 1091 2639; x_wconf 81' lang='lat' dir='ltr'><strong>quae</strong></span> <span class='ocrx_word' id='word_1_214' title='bbox 1125 2571 1176 2623; x_wconf 88' lang='lat' dir='ltr'><strong>iu</strong></span> <span class='ocrx_word' id='word_1_215' title='bbox 1223 2569 1483 2625; x_wconf 82' lang='lat' dir='ltr'><strong>Hebraico</strong></span> <span class='ocrx_word' id='word_1_216' title='bbox 1515 2583 1621 2623; x_wconf 92' lang='lat' dir='ltr'><strong>non</strong></span> <span class='ocrx_word' id='word_1_217' title='bbox 1646 2541 1916 2622; x_wconf 79' lang='lat' dir='ltr'><strong>exstarent</strong></span> <span class='ocrx_word' id='word_1_218' title='bbox 1942 2565 2112 2620; x_wconf 88' lang='lat' dir='ltr'><strong>obelis</strong></span> 
     </span>
    </p>
   </div>
   <div class='ocr_carea' id='block_1_34' title="bbox 2179 2541 3710 2639">
    <p class='ocr_par' dir='ltr' id='par_1_34' title="bbox 2209 2541 3710 2630">
     <span class='ocr_line' id='line_1_34' title="bbox 2209 2541 3710 2630; baseline -0.015 -17"><span class='ocrx_word' id='word_1_219' title='bbox 2209 2560 2449 2630; x_wconf 84' lang='grc' dir='ltr'>κείμενα,</span> <span class='ocrx_word' id='word_1_220' title='bbox 2480 2557 2537 2609; x_wconf 82' lang='grc' dir='ltr'><strong>ού</strong></span> <span class='ocrx_word' id='word_1_221' title='bbox 2567 2556 2928 2625; x_wconf 83' lang='grc' dir='ltr'>τολμήσαντες</span> <span class='ocrx_word' id='word_1_222' title='bbox 2949 2551 3087 2606; x_wconf 81' lang='grc' dir='ltr'>αὐτὰ</span> <span class='ocrx_word' id='word_1_223' title='bbox 3119 2550 3288 2619; x_wconf 82' lang='grc' dir='ltr'>πάντη</span> <span class='ocrx_word' id='word_1_224' title='bbox 3315 2541 3710 2617; x_wconf 81' lang='grc' dir='ltr'>περιελεῖν,,τινὰ</span> 
     </span>
    </p>
   </div>
   <div class='ocr_carea' id='block_1_35' title="bbox 544 2630 2075 2729">
    <p class='ocr_par' dir='ltr' id='par_1_35' title="bbox 544 2655 2075 2729">
     <span class='ocr_line' id='line_1_35' title="bbox 544 2655 2075 2729; baseline -0.004 -17"><span class='ocrx_word' id='word_1_225' title='bbox 544 2672 559 2687; x_wconf 70' lang='grc' dir='ltr'><strong><em>ο</em></strong></span> <span class='ocrx_word' id='word_1_226' title='bbox 581 2659 884 2712; x_wconf 77' lang='lat' dir='ltr'><strong>notavimus</strong></span> <span class='ocrx_word' id='word_1_227' title='bbox 904 2699 919 2723; x_wconf 92' lang='lat'><strong>,</strong></span> <span class='ocrx_word' id='word_1_228' title='bbox 950 2675 1011 2713; x_wconf 89' lang='lat' dir='ltr'><strong>ea</strong></span> <span class='ocrx_word' id='word_1_229' title='bbox 1040 2660 1251 2729; x_wconf 90' lang='lat' dir='ltr'><strong>penitus</strong></span> <span class='ocrx_word' id='word_1_230' title='bbox 1283 2659 1492 2713; x_wconf 82' lang='lat' dir='ltr'><strong>auferre</strong></span> <span class='ocrx_word' id='word_1_231' title='bbox 1544 2673 1650 2711; x_wconf 90' lang='lat' dir='ltr'><strong>non</strong></span> <span class='ocrx_word' id='word_1_232' title='bbox 1692 2657 1841 2718; x_wconf 87' lang='lat' dir='ltr'><strong>ausi,</strong></span> <span class='ocrx_word' id='word_1_233' title='bbox 1869 2655 2075 2723; x_wconf 76' lang='lat' dir='ltr'><strong>quzedar</strong></span> 
     </span>
    </p>
   </div>
   <div class='ocr_carea' id='block_1_36' title="bbox 2177 2630 3708 2729">
    <p class='ocr_par' dir='ltr' id='par_1_36' title="bbox 2208 2630 3708 2719">
     <span class='ocr_line' id='line_1_36' title="bbox 2208 2630 3708 2719; baseline -0.013 -17"><span class='ocrx_word' id='word_1_234' title='bbox 2208 2651 2265 2702; x_wconf 84' lang='grc' dir='ltr'>δὲ</span> <span class='ocrx_word' id='word_1_235' title='bbox 2305 2650 2417 2719; x_wconf 88' lang='grc' dir='ltr'>μετ’</span> <span class='ocrx_word' id='word_1_236' title='bbox 2449 2646 2777 2717; x_wconf 85' lang='grc' dir='ltr'>ἀστερίσκων</span> <span class='ocrx_word' id='word_1_237' title='bbox 2809 2642 3264 2715; x_wconf 85' lang='grc' dir='ltr'>προσεθήκαμεν,</span> <span class='ocrx_word' id='word_1_238' title='bbox 3306 2639 3391 2691; x_wconf 79' lang='grc' dir='ltr'>ἵνα</span> <span class='ocrx_word' id='word_1_239' title='bbox 3419 2630 3625 2706; x_wconf 75' lang='grc' dir='ltr'>δῆλονοῇ</span> <span class='ocrx_word' id='word_1_240' title='bbox 3645 2632 3708 2684; x_wconf 82' lang='grc' dir='ltr'>ὅτι</span> 
     </span>
    </p>
   </div>
   <div class='ocr_carea' id='block_1_37' title="bbox 585 2719 2116 2815">
    <p class='ocr_par' dir='ltr' id='par_1_37' title="bbox 585 2719 2114 2815">
     <span class='ocr_line' id='line_1_37' title="bbox 585 2719 2114 2815; baseline -0.004 -15"><span class='ocrx_word' id='word_1_241' title='bbox 585 2755 765 2800; x_wconf 70' lang='lat' dir='ltr'><strong>autem</strong></span> <span class='ocrx_word' id='word_1_242' title='bbox 795 2749 898 2801; x_wconf 88' lang='lat' dir='ltr'><strong>alia</strong></span> <span class='ocrx_word' id='word_1_243' title='bbox 928 2762 1049 2803; x_wconf 91' lang='lat' dir='ltr'><strong>cum</strong></span> <span class='ocrx_word' id='word_1_244' title='bbox 1079 2749 1347 2802; x_wconf 80' lang='lat' dir='ltr'><strong>asteriscis</strong></span> <span class='ocrx_word' id='word_1_245' title='bbox 1375 2747 1667 2815; x_wconf 73' lang='lat' dir='ltr'><strong>adiecimus</strong></span> <span class='ocrx_word' id='word_1_246' title='bbox 1687 2784 1701 2807; x_wconf 89' lang='lat'><strong>,</strong></span> <span class='ocrx_word' id='word_1_247' title='bbox 1737 2755 1796 2799; x_wconf 90' lang='lat' dir='ltr'><strong>ut</strong></span> <span class='ocrx_word' id='word_1_248' title='bbox 1820 2719 1945 2797; x_wconf 72' lang='lat' dir='ltr'><strong>hinc</strong></span> <span class='ocrx_word' id='word_1_249' title='bbox 1977 2743 2114 2796; x_wconf 84' lang='lat' dir='ltr'><strong>indi-</strong></span> 
     </span>
    </p>
   </div>
   <div class='ocr_carea' id='block_1_38' title="bbox 2181 2719 3712 2815">
    <p class='ocr_par' dir='ltr' id='par_1_38' title="bbox 2215 2719 3712 2808">
     <span class='ocr_line' id='line_1_38' title="bbox 2215 2719 3712 2808; baseline -0.014 -16"><span class='ocrx_word' id='word_1_250' title='bbox 2215 2738 2288 2808; x_wconf 81' lang='grc' dir='ltr'>μὴ</span> <span class='ocrx_word' id='word_1_251' title='bbox 2319 2738 2539 2806; x_wconf 88' lang='grc' dir='ltr'>κείμενα</span> <span class='ocrx_word' id='word_1_252' title='bbox 2568 2734 2714 2805; x_wconf 75' lang='grc' dir='ltr'>παρὰ</span> <span class='ocrx_word' id='word_1_253' title='bbox 2746 2736 2860 2796; x_wconf 87' lang='grc' dir='ltr'>τοῖς</span> <span class='ocrx_word' id='word_1_254' title='bbox 2895 2732 3288 2801; x_wconf 74' lang='grc' dir='ltr'>Ἐὄδομήκοντα</span> <span class='ocrx_word' id='word_1_255' title='bbox 3318 2730 3380 2780; x_wconf 81' lang='grc' dir='ltr'>ὲκ</span> <span class='ocrx_word' id='word_1_256' title='bbox 3414 2725 3514 2778; x_wconf 89' lang='grc' dir='ltr'><strong>τῶν</strong></span> <span class='ocrx_word' id='word_1_257' title='bbox 3547 2719 3712 2774; x_wconf 78' lang='grc' dir='ltr'>λοιπῶν</span> 
     </span>
    </p>
   </div>
   <div class='ocr_carea' id='block_1_39' title="bbox 586 2817 2117 2906">
    <p class='ocr_par' dir='ltr' id='par_1_39' title="bbox 586 2833 2117 2906">
     <span class='ocr_line' id='line_1_39' title="bbox 586 2833 2117 2906; baseline -0.003 -17"><span class='ocrx_word' id='word_1_258' title='bbox 586 2846 798 2890; x_wconf 74' lang='lat' dir='ltr'><strong>caretur</strong></span> <span class='ocrx_word' id='word_1_259' title='bbox 846 2852 945 2892; x_wconf 90' lang='lat' dir='ltr'><strong>nos</strong></span> <span class='ocrx_word' id='word_1_260' title='bbox 977 2852 1058 2903; x_wconf 87' lang='lat' dir='ltr'><strong>ea,</strong></span> <span class='ocrx_word' id='word_1_261' title='bbox 1089 2838 1213 2906; x_wconf 88' lang='lat' dir='ltr'><strong>quia</strong></span> <span class='ocrx_word' id='word_1_262' title='bbox 1240 2837 1291 2889; x_wconf 93' lang='lat' dir='ltr'><strong>in</strong></span> <span class='ocrx_word' id='word_1_263' title='bbox 1324 2835 1459 2888; x_wconf 74' lang='lat' dir='ltr'><strong>LXX</strong></span> <span class='ocrx_word' id='word_1_264' title='bbox 1489 2833 1865 2904; x_wconf 85' lang='lat' dir='ltr'><strong>interpretibus</strong></span> <span class='ocrx_word' id='word_1_265' title='bbox 1897 2847 2001 2886; x_wconf 90' lang='lat' dir='ltr'><strong>non</strong></span> <span class='ocrx_word' id='word_1_266' title='bbox 2034 2846 2117 2885; x_wconf 82' lang='lat' dir='ltr'><strong>re-</strong></span> 
     </span>
    </p>
   </div>
   <div class='ocr_carea' id='block_1_40' title="bbox 2112 2817 3643 2906">
    <p class='ocr_par' dir='ltr' id='par_1_40' title="bbox 2112 2817 3643 2895">
     <span class='ocr_line' id='line_1_40' title="bbox 2112 2817 3643 2895; baseline -0.011 -14"><span class='ocrx_word' id='word_1_267' title='bbox 2112 2861 2118 2870; x_wconf 94' lang='lat'><strong><em>-</em></strong></span> <span class='ocrx_word' id='word_1_268' title='bbox 2213 2828 2475 2880; x_wconf 79' lang='grc' dir='ltr'>ὲκδόσεων</span> <span class='ocrx_word' id='word_1_269' title='bbox 2506 2823 2801 2895; x_wconf 77' lang='grc' dir='ltr'>συμφώνως</span> <span class='ocrx_word' id='word_1_270' title='bbox 2832 2822 2913 2893; x_wconf 81' lang='grc' dir='ltr'>τῷ</span> <span class='ocrx_word' id='word_1_271' title='bbox 2945 2819 3212 2892; x_wconf 81' lang='grc' dir='ltr'><strong>Ἐϐραῖκῷ</strong></span> <span class='ocrx_word' id='word_1_272' title='bbox 3239 2817 3643 2890; x_wconf 85' lang='grc' dir='ltr'>προσεθήκαμεν.</span> 
     </span>
    </p>
   </div>
   <div class='ocr_carea' id='block_1_41' title="bbox 588 2921 2137 2996">
    <p class='ocr_par' dir='ltr' id='par_1_41' title="bbox 588 2921 2137 2996">
     <span class='ocr_line' id='line_1_41' title="bbox 588 2921 2137 2996; baseline 0 -19"><span class='ocrx_word' id='word_1_273' title='bbox 588 2925 949 2993; x_wconf 76' lang='lat' dir='ltr'><strong>periebantur,</strong></span> <span class='ocrx_word' id='word_1_274' title='bbox 978 2943 1043 2981; x_wconf 81' lang='lat' dir='ltr'><strong>ex</strong></span> <span class='ocrx_word' id='word_1_275' title='bbox 1088 2928 1307 2996; x_wconf 85' lang='lat' dir='ltr'><strong>reliquis</strong></span> <span class='ocrx_word' id='word_1_276' title='bbox 1349 2926 1672 2981; x_wconf 88' lang='lat' dir='ltr'><strong>editionibus</strong></span> <span class='ocrx_word' id='word_1_277' title='bbox 1719 2933 1777 2978; x_wconf 90' lang='lat' dir='ltr'><strong>ut</strong></span> <span class='ocrx_word' id='word_1_278' title='bbox 1816 2925 1868 2977; x_wconf 90' lang='lat' dir='ltr'><strong>in</strong></span> <span class='ocrx_word' id='word_1_279' title='bbox 1901 2921 2137 2977; x_wconf 37' lang='lat' dir='ltr'><strong>Hebraeo‘</strong></span> 
     </span>
    </p>
   </div>
   <div class='ocr_carea' id='block_1_42' title="bbox 585 3016 1043 3087">
    <p class='ocr_par' dir='ltr' id='par_1_42' title="bbox 585 3016 1043 3087">
     <span class='ocr_line' id='line_1_42' title="bbox 585 3016 1043 3087; baseline 0.007 -20"><span class='ocrx_word' id='word_1_280' title='bbox 585 3024 740 3070; x_wconf 84' lang='lat' dir='ltr'><strong>erant</strong></span> <span class='ocrx_word' id='word_1_281' title='bbox 766 3016 1043 3087; x_wconf 88' lang='lat' dir='ltr'><strong>adjecisse.</strong></span> 
     </span>
    </p>
   </div>
   <div class='ocr_carea' id='block_1_43' title="bbox 1971 3097 2355 3169">
    <p class='ocr_par' dir='ltr' id='par_1_43' title="bbox 1971 3097 2355 3169">
     <span class='ocr_line' id='line_1_43' title="bbox 1971 3097 2355 3169; baseline -0.013 -15"><span class='ocrx_word' id='word_1_282' title='bbox 1971 3100 2131 3165; x_wconf 68' lang='lat' dir='ltr'><strong>IbidL,</strong></span> <span class='ocrx_word' id='word_1_283' title='bbox 2154 3115 2206 3169; x_wconf 77' lang='grc' dir='ltr'><strong>ρ.</strong></span> <span class='ocrx_word' id='word_1_284' title='bbox 2234 3097 2355 3152; x_wconf 69' lang='lat' dir='ltr'><strong>tas.</strong></span> 
     </span>
    </p>
   </div>
   <div class='ocr_carea' id='block_1_44' title="bbox 659 3172 2190 3259">
    <p class='ocr_par' dir='ltr' id='par_1_44' title="bbox 659 3193 2109 3259">
     <span class='ocr_line' id='line_1_44' title="bbox 659 3193 2109 3259; baseline 0 -12"><span class='ocrx_word' id='word_1_285' title='bbox 659 3194 810 3259; x_wconf 83' lang='lat' dir='ltr'><strong>Quod</strong></span> <span class='ocrx_word' id='word_1_286' title='bbox 861 3197 905 3249; x_wconf 92' lang='lat' dir='ltr'><strong>si</strong></span> <span class='ocrx_word' id='word_1_287' title='bbox 956 3196 1082 3250; x_wconf 91' lang='lat' dir='ltr'><strong>dicti</strong></span> <span class='ocrx_word' id='word_1_288' title='bbox 1129 3211 1341 3250; x_wconf 81' lang='lat' dir='ltr'><strong>sensum</strong></span> <span class='ocrx_word' id='word_1_289' title='bbox 1385 3205 1631 3251; x_wconf 87' lang='lat' dir='ltr'><strong>accurate</strong></span> <span class='ocrx_word' id='word_1_290' title='bbox 1670 3195 1904 3250; x_wconf 83' lang='lat' dir='ltr'><strong>ediscere</strong></span> <span class='ocrx_word' id='word_1_291' title='bbox 1946 3193 2109 3255; x_wconf 86' lang='lat' dir='ltr'><strong>velis,</strong></span> 
     </span>
    </p>
   </div>
   <div class='ocr_carea' id='block_1_45' title="bbox 2193 3172 3724 3259">
    <p class='ocr_par' dir='ltr' id='par_1_45' title="bbox 2280 3172 3724 3258">
     <span class='ocr_line' id='line_1_45' title="bbox 2280 3172 3724 3258; baseline -0.013 -17"><span class='ocrx_word' id='word_1_292' title='bbox 2280 3190 2342 3242; x_wconf 84' lang='grc' dir='ltr'><strong>Εὶ</strong></span> <span class='ocrx_word' id='word_1_293' title='bbox 2380 3188 2434 3240; x_wconf 80' lang='grc' dir='ltr'>δὲ</span> <span class='ocrx_word' id='word_1_294' title='bbox 2468 3186 2528 3238; x_wconf 74' lang='grc' dir='ltr'>τὸ</span> <span class='ocrx_word' id='word_1_295' title='bbox 2572 3183 2791 3258; x_wconf 76' lang='grc' dir='ltr'>ἀκριϐὲς</span> <span class='ocrx_word' id='word_1_296' title='bbox 2831 3182 3011 3253; x_wconf 78' lang='grc' dir='ltr'>βούλει</span> <span class='ocrx_word' id='word_1_297' title='bbox 3040 3182 3228 3252; x_wconf 83' lang='grc' dir='ltr'>μαθεῖν</span> <span class='ocrx_word' id='word_1_298' title='bbox 3255 3180 3346 3250; x_wconf 83' lang='grc' dir='ltr'>τῆς</span> <span class='ocrx_word' id='word_1_299' title='bbox 3374 3175 3556 3239; x_wconf 78' lang='grc' dir='ltr'>λέξεως</span> <span class='ocrx_word' id='word_1_300' title='bbox 3594 3172 3724 3226; x_wconf 76' lang='grc' dir='ltr'>ἄκουε</span> 
     </span>
    </p>
   </div>
   <div class='ocr_carea' id='block_1_46' title="bbox 586 3275 2117 3355">
    <p class='ocr_par' dir='ltr' id='par_1_46' title="bbox 586 3284 1580 3355">
     <span class='ocr_line' id='line_1_46' title="bbox 586 3284 1580 3355; baseline 0.002 -18"><span class='ocrx_word' id='word_1_301' title='bbox 586 3285 716 3338; x_wconf 80' lang='lat' dir='ltr'><strong>audi</strong></span> <span class='ocrx_word' id='word_1_302' title='bbox 746 3284 993 3354; x_wconf 82' lang='lat' dir='ltr'><strong>Aquilam</strong></span> <span class='ocrx_word' id='word_1_303' title='bbox 1021 3285 1099 3340; x_wconf 91' lang='lat' dir='ltr'><strong>sic</strong></span> <span class='ocrx_word' id='word_1_304' title='bbox 1126 3286 1580 3355; x_wconf 85' lang='lat' dir='ltr'><strong>interpretantem.</strong></span> 
     </span>
    </p>
   </div>
   <div class='ocr_carea' id='block_1_47' title="bbox 1407 3275 2938 3355">
    <p class='ocr_par' dir='ltr' id='par_1_47' title="bbox 1407 3275 2938 3347">
     <span class='ocr_line' id='line_1_47' title="bbox 1407 3275 2938 3347; baseline -0.007 -8"><span class='ocrx_word' id='word_1_305' title='bbox 1407 3301 1448 3339; x_wconf 84' lang='grc' dir='ltr'><strong>ιιι</strong></span> <span class='ocrx_word' id='word_1_306' title='bbox 1456 3293 1556 3340; x_wconf 88' lang='lat' dir='ltr'><strong>tem</strong></span> <span class='ocrx_word' id='word_1_307' title='bbox 1567 3326 1580 3339; x_wconf 97' lang='lat'><strong>.</strong></span> <span class='ocrx_word' id='word_1_308' title='bbox 2233 3278 2450 3332; x_wconf 81' lang='grc' dir='ltr'>Ἀκύλου</span> <span class='ocrx_word' id='word_1_309' title='bbox 2482 3280 2507 3329; x_wconf 81' lang='grc' dir='ltr'><strong>ὲ</strong></span> <span class='ocrx_word' id='word_1_310' title='bbox 2513 3293 2542 3347; x_wconf 93' lang='grc' dir='ltr'><strong>ρ</strong></span> <span class='ocrx_word' id='word_1_311' title='bbox 2550 3275 2714 3347; x_wconf 87' lang='grc' dir='ltr'>μηνεύ</span> <span class='ocrx_word' id='word_1_312' title='bbox 2722 3292 2938 3339; x_wconf 80' lang='grc' dir='ltr'>σαντος.</span> 
     </span>
    </p>
   </div>
   <div class='ocr_carea' id='block_1_48' title="bbox 1470 3367 2889 3444">
    <p class='ocr_par' dir='ltr' id='par_1_48' title="bbox 1470 3367 2889 3444">
     <span class='ocr_line' id='line_1_48' title="bbox 1470 3367 2889 3444; baseline -0.006 -15"><span class='ocrx_word' id='word_1_313' title='bbox 1470 3374 1615 3444; x_wconf 86' lang='lat' dir='ltr'><strong>Orig.</strong></span> <span class='ocrx_word' id='word_1_314' title='bbox 1649 3373 1932 3429; x_wconf 87' lang='lat' dir='ltr'><strong>Comment.</strong></span> <span class='ocrx_word' id='word_1_315' title='bbox 1957 3374 2010 3425; x_wconf 88' lang='lat' dir='ltr'><strong>in</strong></span> <span class='ocrx_word' id='word_1_316' title='bbox 2033 3370 2215 3436; x_wconf 70' lang='lat' dir='ltr'><strong>10am,</strong></span> <span class='ocrx_word' id='word_1_317' title='bbox 2245 3368 2399 3422; x_wconf 81' lang='lat' dir='ltr'><strong>H‘uet.</strong></span> <span class='ocrx_word' id='word_1_318' title='bbox 2430 3378 2555 3423; x_wconf 87' lang='lat' dir='ltr'><strong>tom.</strong></span> <span class='ocrx_word' id='word_1_319' title='bbox 2579 3368 2643 3432; x_wconf 88' lang='grc'><strong>11,</strong></span> <span class='ocrx_word' id='word_1_320' title='bbox 2676 3382 2728 3434; x_wconf 89' lang='lat' dir='ltr'><strong>p.</strong></span> <span class='ocrx_word' id='word_1_321' title='bbox 2757 3367 2889 3421; x_wconf 73' lang='lat'><strong>151.</strong></span> 
     </span>
    </p>
   </div>
   <div class='ocr_carea' id='block_1_49' title="bbox 662 3464 2193 3561">
    <p class='ocr_par' dir='ltr' id='par_1_49' title="bbox 662 3485 2185 3561">
     <span class='ocr_line' id='line_1_49' title="bbox 662 3485 2185 3561; baseline 0.001 -21"><span class='ocrx_word' id='word_1_322' title='bbox 662 3485 821 3541; x_wconf 88' lang='lat' dir='ltr'><strong>Notat</strong></span> <span class='ocrx_word' id='word_1_323' title='bbox 844 3489 1082 3561; x_wconf 82' lang='grc' dir='ltr'>Γέργεσα</span> <span class='ocrx_word' id='word_1_324' title='bbox 1113 3491 1263 3560; x_wconf 87' lang='lat' dir='ltr'><strong>lapsu</strong></span> <span class='ocrx_word' id='word_1_325' title='bbox 1292 3491 1542 3560; x_wconf 80' lang='lat' dir='ltr'><strong>graphico</strong></span> <span class='ocrx_word' id='word_1_326' title='bbox 1570 3500 1826 3545; x_wconf 88' lang='lat' dir='ltr'><strong>mutatum</strong></span> <span class='ocrx_word' id='word_1_327' title='bbox 1854 3491 2018 3545; x_wconf 85' lang='lat' dir='ltr'><strong>fuisse</strong></span> <span class='ocrx_word' id='word_1_328' title='bbox 2046 3491 2098 3543; x_wconf 92' lang='lat' dir='ltr'><strong>iu</strong></span> <span class='ocrx_word' id='word_1_329' title='bbox 2119 3490 2185 3541; x_wconf 84' lang='grc' dir='ltr'><em>Γέ</em></span> 
     </span>
    </p>
   </div>
   <div class='ocr_carea' id='block_1_50' title="bbox 2200 3464 3731 3561">
    <p class='ocr_par' dir='ltr' id='par_1_50' title="bbox 2200 3464 3731 3560">
     <span class='ocr_line' id='line_1_50' title="bbox 2200 3464 3731 3560; baseline -0.014 -17"><span class='ocrx_word' id='word_1_330' title='bbox 2200 3505 2345 3560; x_wconf 72' lang='lat' dir='ltr'><strong>pacat.</strong></span> <span class='ocrx_word' id='word_1_331' title='bbox 2375 3487 2565 3556; x_wconf 84' lang='lat' dir='ltr'><strong>Aitque</strong></span> <span class='ocrx_word' id='word_1_332' title='bbox 2586 3485 2831 3553; x_wconf 84' lang='grc' dir='ltr'>Γέργεσα</span> <span class='ocrx_word' id='word_1_333' title='bbox 2862 3482 3125 3538; x_wconf 83' lang='lat' dir='ltr'><strong>Hebraice</strong></span> <span class='ocrx_word' id='word_1_334' title='bbox 3144 3478 3478 3550; x_wconf 77' lang='lat' dir='ltr'><strong>signiﬁcare,</strong></span> <span class='ocrx_word' id='word_1_335' title='bbox 3508 3464 3731 3543; x_wconf 79' lang='grc' dir='ltr'>παροικία</span> 
     </span>
    </p>
   </div>
   <div class='ocr_carea' id='block_1_51' title="bbox 589 3574 2120 3652">
    <p class='ocr_par' dir='ltr' id='par_1_51' title="bbox 589 3579 2120 3652">
     <span class='ocr_line' id='line_1_51' title="bbox 589 3579 2120 3652; baseline 0 -19"><span class='ocrx_word' id='word_1_336' title='bbox 589 3579 1010 3651; x_wconf 81' lang='grc' dir='ltr'>ὲκδεδληκότων,</span> <span class='ocrx_word' id='word_1_337' title='bbox 1034 3584 1086 3638; x_wconf 89' lang='lat' dir='ltr'><strong>id</strong></span> <span class='ocrx_word' id='word_1_338' title='bbox 1117 3592 1205 3638; x_wconf 86' lang='lat' dir='ltr'><strong>est</strong></span> <span class='ocrx_word' id='word_1_339' title='bbox 1220 3582 1472 3636; x_wconf 70' lang='lat' dir='ltr'><strong>incolatu:</strong></span> <span class='ocrx_word' id='word_1_340' title='bbox 1495 3584 1839 3652; x_wconf 76' lang='lat' dir='ltr'><strong>ejicientium.</strong></span> <span class='ocrx_word' id='word_1_341' title='bbox 1859 3580 2056 3635; x_wconf 86' lang='lat' dir='ltr'><strong>Deinde</strong></span> <span class='ocrx_word' id='word_1_342' title='bbox 2080 3580 2120 3634; x_wconf 91' lang='lat' dir='ltr'><strong>si</strong></span> 
     </span>
    </p>
   </div>
   <div class='ocr_carea' id='block_1_52' title="bbox 1211 3574 2742 3652">
    <p class='ocr_par' dir='ltr' id='par_1_52' title="bbox 1220 3574 2742 3652">
     <span class='ocr_line' id='line_1_52' title="bbox 1220 3574 2742 3652; baseline -0.005 -16"><span class='ocrx_word' id='word_1_343' title='bbox 1220 3582 1472 3636; x_wconf 70' lang='lat' dir='ltr'><strong>incolatu:</strong></span> <span class='ocrx_word' id='word_1_344' title='bbox 1495 3584 1839 3652; x_wconf 63' lang='lat' dir='ltr'><strong>ejiciendum.</strong></span> <span class='ocrx_word' id='word_1_345' title='bbox 1859 3580 2056 3635; x_wconf 86' lang='lat' dir='ltr'><strong>Deinde</strong></span> <span class='ocrx_word' id='word_1_346' title='bbox 2080 3580 2157 3634; x_wconf 90' lang='lat' dir='ltr'><strong>sic</strong></span> <span class='ocrx_word' id='word_1_347' title='bbox 2179 3578 2347 3649; x_wconf 79' lang='lat' dir='ltr'><strong>pergit</strong></span> <span class='ocrx_word' id='word_1_348' title='bbox 2374 3595 2387 3630; x_wconf 91' lang='lat'>:</span> <span class='ocrx_word' id='word_1_349' title='bbox 2738 3574 2742 3579; x_wconf 87' lang='grc'><em>’</em></span> 
     </span>
    </p>
   </div>
   <div class='ocr_carea' id='block_1_53' title="bbox 664 3650 2195 3741">
    <p class='ocr_par' dir='ltr' id='par_1_53' title="bbox 664 3650 2116 3741">
     <span class='ocr_line' id='line_1_53' title="bbox 664 3650 2116 3741; baseline -0.001 -18"><span class='ocrx_word' id='word_1_350' title='bbox 664 3650 848 3725; x_wconf 88' lang='lat' dir='ltr'><strong>Simile</strong></span> <span class='ocrx_word' id='word_1_351' title='bbox 890 3670 1191 3740; x_wconf 75' lang='lat' dir='ltr'><strong>frequenter</strong></span> <span class='ocrx_word' id='word_1_352' title='bbox 1237 3683 1471 3727; x_wconf 86' lang='lat' dir='ltr'><strong>erratum</strong></span> <span class='ocrx_word' id='word_1_353' title='bbox 1516 3650 1568 3727; x_wconf 86' lang='lat' dir='ltr'><strong>in</strong></span> <span class='ocrx_word' id='word_1_354' title='bbox 1617 3673 1731 3741; x_wconf 80' lang='lat' dir='ltr'><strong>lege</strong></span> <span class='ocrx_word' id='word_1_355' title='bbox 1760 3681 1814 3725; x_wconf 90' lang='lat' dir='ltr'><strong>et</strong></span> <span class='ocrx_word' id='word_1_356' title='bbox 1847 3669 2116 3739; x_wconf 86' lang='lat' dir='ltr'><strong>prophetis</strong></span> 
     </span>
    </p>
   </div>
   <div class='ocr_carea' id='block_1_54' title="bbox 2200 3650 3731 3741">
    <p class='ocr_par' dir='ltr' id='par_1_54' title="bbox 2289 3650 3731 3735">
     <span class='ocr_line' id='line_1_54' title="bbox 2289 3650 3731 3735; baseline -0.012 -15"><span class='ocrx_word' id='word_1_357' title='bbox 2289 3667 2360 3720; x_wconf 79' lang='grc' dir='ltr'>Τὸ</span> <span class='ocrx_word' id='word_1_358' title='bbox 2395 3666 2450 3718; x_wconf 80' lang='grc' dir='ltr'>δὲ</span> <span class='ocrx_word' id='word_1_359' title='bbox 2494 3667 2685 3735; x_wconf 81' lang='grc' dir='ltr'>ὅμοιον</span> <span class='ocrx_word' id='word_1_360' title='bbox 2707 3666 2834 3735; x_wconf 81' lang='grc' dir='ltr'><strong>περὶ</strong></span> <span class='ocrx_word' id='word_1_361' title='bbox 2869 3665 2939 3717; x_wconf 81' lang='grc' dir='ltr'>τὰ</span> <span class='ocrx_word' id='word_1_362' title='bbox 2968 3664 3205 3733; x_wconf 84' lang='grc' dir='ltr'>ὀνόματα</span> <span class='ocrx_word' id='word_1_363' title='bbox 3240 3658 3459 3729; x_wconf 80' lang='grc' dir='ltr'>σφάλμα</span> <span class='ocrx_word' id='word_1_364' title='bbox 3507 3650 3731 3722; x_wconf 81' lang='grc' dir='ltr'>πολλαχοῦ</span> 
     </span>
    </p>
   </div>
   <div class='ocr_carea' id='block_1_55' title="bbox 590 3741 2121 3825">
    <p class='ocr_par' dir='ltr' id='par_1_55' title="bbox 590 3754 2119 3824">
     <span class='ocr_line' id='line_1_55' title="bbox 590 3754 2119 3824; baseline -0.005 -10"><span class='ocrx_word' id='word_1_365' title='bbox 590 3759 735 3814; x_wconf 82' lang='lat' dir='ltr'><strong>circa</strong></span> <span class='ocrx_word' id='word_1_366' title='bbox 767 3761 982 3814; x_wconf 85' lang='lat' dir='ltr'><strong>nomina</strong></span> <span class='ocrx_word' id='word_1_367' title='bbox 1013 3760 1190 3814; x_wconf 88' lang='lat' dir='ltr'><strong>videre</strong></span> <span class='ocrx_word' id='word_1_368' title='bbox 1212 3769 1330 3824; x_wconf 88' lang='lat' dir='ltr'><strong>est,</strong></span> <span class='ocrx_word' id='word_1_369' title='bbox 1356 3769 1415 3814; x_wconf 92' lang='lat' dir='ltr'><strong>ut</strong></span> <span class='ocrx_word' id='word_1_370' title='bbox 1441 3768 1688 3815; x_wconf 87' lang='lat' dir='ltr'><strong>accurate</strong></span> <span class='ocrx_word' id='word_1_371' title='bbox 1715 3757 2029 3813; x_wconf 90' lang='lat' dir='ltr'><strong>edidicimus</strong></span> <span class='ocrx_word' id='word_1_372' title='bbox 2052 3754 2119 3807; x_wconf 87' lang='lat' dir='ltr'><strong>ab</strong></span> 
     </span>
    </p>
   </div>
   <div class='ocr_carea' id='block_1_56' title="bbox 2200 3741 3731 3825">
    <p class='ocr_par' dir='ltr' id='par_1_56' title="bbox 2220 3741 3731 3825">
     <span class='ocr_line' id='line_1_56' title="bbox 2220 3741 3731 3825; baseline -0.011 -15"><span class='ocrx_word' id='word_1_373' title='bbox 2220 3756 2311 3810; x_wconf 80' lang='grc' dir='ltr'>τοῦ</span> <span class='ocrx_word' id='word_1_374' title='bbox 2334 3756 2611 3825; x_wconf 65' lang='grc' dir='ltr'>νόμουςκαὶ</span> <span class='ocrx_word' id='word_1_375' title='bbox 2636 3754 2741 3806; x_wconf 92' lang='grc' dir='ltr'><strong>τῶν</strong></span> <span class='ocrx_word' id='word_1_376' title='bbox 2770 3753 3065 3825; x_wconf 85' lang='grc' dir='ltr'>προφητῶν</span> <span class='ocrx_word' id='word_1_377' title='bbox 3093 3752 3116 3804; x_wconf 76' lang='grc' dir='ltr'>ἔ</span> <span class='ocrx_word' id='word_1_378' title='bbox 3125 3769 3238 3805; x_wconf 89' lang='grc' dir='ltr'>στιν</span> <span class='ocrx_word' id='word_1_379' title='bbox 3269 3751 3412 3814; x_wconf 86' lang='grc' dir='ltr'>ίδεῖν,</span> <span class='ocrx_word' id='word_1_380' title='bbox 3435 3748 3506 3810; x_wconf 84' lang='grc' dir='ltr'>ὡς</span> <span class='ocrx_word' id='word_1_381' title='bbox 3529 3741 3731 3815; x_wconf 76' lang='grc' dir='ltr'>ὴκριδώ-</span> 
     </span>
    </p>
   </div>
   <div class='ocr_carea' id='block_1_57' title="bbox 594 3834 2125 3933">
    <p class='ocr_par' dir='ltr' id='par_1_57' title="bbox 594 3844 2120 3915">
     <span class='ocr_line' id='line_1_57' title="bbox 594 3844 2120 3915; baseline -0.005 -10"><span class='ocrx_word' id='word_1_382' title='bbox 594 3849 831 3906; x_wconf 55' lang='lat' dir='ltr'><strong>Hebraeis</strong></span> <span class='ocrx_word' id='word_1_383' title='bbox 891 3852 1092 3914; x_wconf 89' lang='lat' dir='ltr'><strong>edocti,</strong></span> <span class='ocrx_word' id='word_1_384' title='bbox 1140 3860 1195 3905; x_wconf 84' lang='lat' dir='ltr'><strong>et</strong></span> <span class='ocrx_word' id='word_1_385' title='bbox 1242 3858 1423 3905; x_wconf 90' lang='lat' dir='ltr'><strong>nostra</strong></span> <span class='ocrx_word' id='word_1_386' title='bbox 1483 3864 1668 3904; x_wconf 86' lang='lat' dir='ltr'><strong>eorum</strong></span> <span class='ocrx_word' id='word_1_387' title='bbox 1732 3844 2120 3915; x_wconf 82' lang='lat' dir='ltr'><strong>exemplaribus</strong></span> 
     </span>
    </p>
   </div>
   <div class='ocr_carea' id='block_1_58' title="bbox 2200 3834 3731 3933">
    <p class='ocr_par' dir='ltr' id='par_1_58' title="bbox 2225 3834 3731 3933">
     <span class='ocr_line' id='line_1_58' title="bbox 2225 3834 3731 3933; baseline -0.008 -34"><span class='ocrx_word' id='word_1_388' title='bbox 2225 3862 2393 3916; x_wconf 86' lang='grc' dir='ltr'>σαμεν</span> <span class='ocrx_word' id='word_1_389' title='bbox 2423 3844 2528 3898; x_wconf 80' lang='grc' dir='ltr'>ἀπὸ</span> <span class='ocrx_word' id='word_1_390' title='bbox 2554 3843 2816 3914; x_wconf 76' lang='grc' dir='ltr'>Ἐϐραίων</span> <span class='ocrx_word' id='word_1_391' title='bbox 2853 3845 3111 3914; x_wconf 86' lang='grc' dir='ltr'>μαθόντες</span> <span class='ocrx_word' id='word_1_392' title='bbox 3131 3884 3145 3908; x_wconf 90' lang='grc'><strong>,</strong></span> <span class='ocrx_word' id='word_1_393' title='bbox 3173 3843 3265 3895; x_wconf 77' lang='grc' dir='ltr'>καὶ</span> <span class='ocrx_word' id='word_1_394' title='bbox 3291 3843 3397 3902; x_wconf 77' lang='grc' dir='ltr'>τοῖς</span> <span class='ocrx_word' id='word_1_395' title='bbox 3425 3834 3731 3933; x_wconf 57' lang='grc' dir='ltr'>ἀντιγράφοιξ</span> 
     </span>
    </p>
   </div>
   <div class='ocr_carea' id='block_1_59' title="bbox 592 3918 2123 4010">
    <p class='ocr_par' dir='ltr' id='par_1_59' title="bbox 592 3934 2123 4010">
     <span class='ocr_line' id='line_1_59' title="bbox 592 3934 2123 4010; baseline -0.005 -16"><span class='ocrx_word' id='word_1_396' title='bbox 592 3950 1007 4008; x_wconf 79' lang='lat' dir='ltr'><strong>comparantes:</strong></span> <span class='ocrx_word' id='word_1_397' title='bbox 1034 3955 1153 4010; x_wconf 73' lang='lat' dir='ltr'><strong>qua:</strong></span> <span class='ocrx_word' id='word_1_398' title='bbox 1203 3940 1564 3994; x_wconf 85' lang='lat' dir='ltr'><strong>testimonium</strong></span> <span class='ocrx_word' id='word_1_399' title='bbox 1596 3938 1790 3991; x_wconf 85' lang='lat' dir='ltr'><strong>habent</strong></span> <span class='ocrx_word' id='word_1_400' title='bbox 1828 3936 1894 3989; x_wconf 90' lang='lat' dir='ltr'><strong>ab</strong></span> <span class='ocrx_word' id='word_1_401' title='bbox 1937 3934 2123 3988; x_wconf 85' lang='lat' dir='ltr'><strong>editio-</strong></span> 
     </span>
    </p>
   </div>
   <div class='ocr_carea' id='block_1_60' title="bbox 2200 3918 3731 4010">
    <p class='ocr_par' dir='ltr' id='par_1_60' title="bbox 2226 3918 3731 4010">
     <span class='ocr_line' id='line_1_60' title="bbox 2226 3918 3731 4010; baseline -0.009 -21"><span class='ocrx_word' id='word_1_402' title='bbox 2226 3936 2398 3989; x_wconf 75' lang='grc' dir='ltr'>αὐτῶν</span> <span class='ocrx_word' id='word_1_403' title='bbox 2426 3935 2491 3987; x_wconf 80' lang='grc' dir='ltr'>τὰ</span> <span class='ocrx_word' id='word_1_404' title='bbox 2518 3935 2755 4004; x_wconf 80' lang='grc' dir='ltr'>ἡμέτερα</span> <span class='ocrx_word' id='word_1_405' title='bbox 2792 3935 3179 4004; x_wconf 86' lang='grc' dir='ltr'>συγκρίναντες</span> <span class='ocrx_word' id='word_1_406' title='bbox 3232 3928 3632 4003; x_wconf 67' lang='grc' dir='ltr'>μαρωρηθεῖσιν</span> <span class='ocrx_word' id='word_1_407' title='bbox 3658 3918 3731 4010; x_wconf 56' lang='lat' dir='ltr'><strong>ea</strong></span> 
     </span>
    </p>
   </div>
   <div class='ocr_carea' id='block_1_61' title="bbox 595 4008 2126 4099">
    <p class='ocr_par' dir='ltr' id='par_1_61' title="bbox 595 4008 2125 4099">
     <span class='ocr_line' id='line_1_61' title="bbox 595 4008 2125 4099; baseline -0.007 -14"><span class='ocrx_word' id='word_1_408' title='bbox 595 4031 781 4094; x_wconf 84' lang='lat' dir='ltr'><strong>nibus,</strong></span> <span class='ocrx_word' id='word_1_409' title='bbox 828 4008 1065 4085; x_wconf 82' lang='lat' dir='ltr'><strong>nondum</strong></span> <span class='ocrx_word' id='word_1_410' title='bbox 1105 4030 1439 4099; x_wconf 86' lang='lat' dir='ltr'><strong>depravatis,</strong></span> <span class='ocrx_word' id='word_1_411' title='bbox 1469 4029 1704 4098; x_wconf 66' lang='lat' dir='ltr'><strong>Aquilae,</strong></span> <span class='ocrx_word' id='word_1_412' title='bbox 1742 4022 2045 4095; x_wconf 83' lang='lat' dir='ltr'><strong>Symmachi</strong></span> <span class='ocrx_word' id='word_1_413' title='bbox 2071 4030 2125 4076; x_wconf 90' lang='lat' dir='ltr'><strong>et</strong></span> 
     </span>
    </p>
   </div>
   <div class='ocr_carea' id='block_1_62' title="bbox 2200 4008 3731 4099">
    <p class='ocr_par' dir='ltr' id='par_1_62' title="bbox 2226 4008 3731 4095">
     <span class='ocr_line' id='line_1_62' title="bbox 2226 4008 3731 4095; baseline -0.011 -16"><span class='ocrx_word' id='word_1_414' title='bbox 2226 4025 2330 4079; x_wconf 91' lang='grc' dir='ltr'><strong>τῶν</strong></span> <span class='ocrx_word' id='word_1_415' title='bbox 2377 4024 2595 4095; x_wconf 79' lang='grc' dir='ltr'>μηδέπω</span> <span class='ocrx_word' id='word_1_416' title='bbox 2623 4022 3056 4093; x_wconf 89' lang='grc' dir='ltr'>διαστραφεισῶν</span> <span class='ocrx_word' id='word_1_417' title='bbox 3089 4022 3353 4076; x_wconf 82' lang='grc' dir='ltr'>ἐκδόσεων</span> <span class='ocrx_word' id='word_1_418' title='bbox 3401 4017 3640 4078; x_wconf 80' lang='grc' dir='ltr'>Ἀκύλου,</span> <span class='ocrx_word' id='word_1_419' title='bbox 3669 4008 3731 4063; x_wconf 68' lang='grc' dir='ltr'><strong><em>κοῦ</em></strong></span> 
     </span>
    </p>
   </div>
   <div class='ocr_carea' id='block_1_63' title="bbox 592 4107 2123 4178">
    <p class='ocr_par' dir='ltr' id='par_1_63' title="bbox 592 4116 999 4173">
     <span class='ocr_line' id='line_1_63' title="bbox 592 4116 999 4173; baseline -0.002 -1"><span class='ocrx_word' id='word_1_420' title='bbox 592 4116 999 4173; x_wconf 77' lang='lat' dir='ltr'><strong>Theodotiouis.</strong></span> 
     </span>
    </p>
   </div>
   <div class='ocr_carea' id='block_1_64' title="bbox 1504 4107 3035 4178">
    <p class='ocr_par' dir='ltr' id='par_1_64' title="bbox 2227 4107 3035 4178">
     <span class='ocr_line' id='line_1_64' title="bbox 2227 4107 3035 4178; baseline -0.001 -17"><span class='ocrx_word' id='word_1_421' title='bbox 2227 4108 2573 4169; x_wconf 86' lang='grc' dir='ltr'>Θεοδοτίωνος</span> <span class='ocrx_word' id='word_1_422' title='bbox 2601 4108 2692 4158; x_wconf 76' lang='grc' dir='ltr'><strong>καὶ</strong></span> <span class='ocrx_word' id='word_1_423' title='bbox 2718 4107 3035 4178; x_wconf 78' lang='grc' dir='ltr'>Συμμάχου.</span> 
     </span>
    </p>
   </div>
   <div class='ocr_carea' id='block_1_65' title="bbox 1640 4198 2713 4273">
    <p class='ocr_par' dir='ltr' id='par_1_65' title="bbox 1640 4198 2713 4273">
     <span class='ocr_line' id='line_1_65' title="bbox 1640 4198 2713 4273; baseline -0.007 -12"><span class='ocrx_word' id='word_1_424' title='bbox 1640 4206 1848 4273; x_wconf 81' lang='lat' dir='ltr'><strong>Origen.</strong></span> <span class='ocrx_word' id='word_1_425' title='bbox 1882 4204 1934 4256; x_wconf 85' lang='lat' dir='ltr'><strong>in</strong></span> <span class='ocrx_word' id='word_1_426' title='bbox 1966 4202 2205 4266; x_wconf 79' lang='lat' dir='ltr'><strong>Cantica,</strong></span> <span class='ocrx_word' id='word_1_427' title='bbox 2229 4201 2353 4253; x_wconf 85' lang='lat' dir='ltr'><strong>edit.</strong></span> <span class='ocrx_word' id='word_1_428' title='bbox 2380 4198 2713 4253; x_wconf 81' lang='lat' dir='ltr'><strong>Genebrardi.</strong></span> 
     </span>
    </p>
   </div>
   <div class='ocr_carea' id='block_1_66' title="bbox 572 4296 1852 4377">
    <p class='ocr_par' dir='ltr' id='par_1_66' title="bbox 572 4296 1852 4377">
     <span class='ocr_line' id='line_1_66' title="bbox 572 4296 1852 4377; baseline -0.001 -28"><span class='ocrx_word' id='word_1_429' title='bbox 572 4373 576 4377; x_wconf 24' lang='lat'><em>‘</em></span> <span class='ocrx_word' id='word_1_430' title='bbox 665 4296 858 4366; x_wconf 80' lang='lat' dir='ltr'><strong>Aquila</strong></span> <span class='ocrx_word' id='word_1_431' title='bbox 880 4296 1194 4352; x_wconf 82' lang='lat' dir='ltr'><strong>Hebraicam</strong></span> <span class='ocrx_word' id='word_1_432' title='bbox 1219 4298 1522 4365; x_wconf 79' lang='lat' dir='ltr'><strong>exprimens</strong></span> <span class='ocrx_word' id='word_1_433' title='bbox 1555 4298 1852 4350; x_wconf 78' lang='lat' dir='ltr'><strong>veritatem.</strong></span> 
     </span>
    </p>
   </div>
   <div class='ocr_carea' id='block_1_67' title="bbox 1422 4379 2923 4455">
    <p class='ocr_par' dir='ltr' id='par_1_67' title="bbox 1422 4379 2923 4455">
     <span class='ocr_line' id='line_1_67' title="bbox 1422 4379 2923 4455; baseline -0.003 -15"><span class='ocrx_word' id='word_1_434' title='bbox 1422 4386 1629 4455; x_wconf 84' lang='lat' dir='ltr'><strong>Origen.</strong></span> <span class='ocrx_word' id='word_1_435' title='bbox 1654 4385 1802 4454; x_wconf 81' lang='lat' dir='ltr'><strong>epist.</strong></span> <span class='ocrx_word' id='word_1_436' title='bbox 1829 4383 1896 4436; x_wconf 83' lang='lat' dir='ltr'><strong>ad</strong></span> <span class='ocrx_word' id='word_1_437' title='bbox 1920 4382 2225 4451; x_wconf 70' lang='lat' dir='ltr'><strong>Africanum</strong></span> <span class='ocrx_word' id='word_1_438' title='bbox 2251 4379 2377 4433; x_wconf 85' lang='lat' dir='ltr'><strong>edit.</strong></span> <span class='ocrx_word' id='word_1_439' title='bbox 2409 4379 2687 4443; x_wconf 78' lang='lat' dir='ltr'><strong>Wetsten.,</strong></span> <span class='ocrx_word' id='word_1_440' title='bbox 2713 4395 2766 4449; x_wconf 79' lang='grc' dir='ltr'>ρ.</span> <span class='ocrx_word' id='word_1_441' title='bbox 2796 4380 2923 4435; x_wconf 66' lang='grc'><strong>224.</strong></span> 
     </span>
    </p>
   </div>
   <div class='ocr_carea' id='block_1_68' title="bbox 667 4485 2198 4567">
    <p class='ocr_par' dir='ltr' id='par_1_68' title="bbox 667 4490 2131 4567">
     <span class='ocr_line' id='line_1_68' title="bbox 667 4490 2131 4567; baseline -0.009 -12"><span class='ocrx_word' id='word_1_442' title='bbox 667 4498 759 4555; x_wconf 88' lang='lat' dir='ltr'><strong>Sic</strong></span> <span class='ocrx_word' id='word_1_443' title='bbox 782 4498 922 4553; x_wconf 88' lang='lat' dir='ltr'><strong>enim</strong></span> <span class='ocrx_word' id='word_1_444' title='bbox 957 4496 1168 4567; x_wconf 86' lang='lat' dir='ltr'><strong>Aquila,</strong></span> <span class='ocrx_word' id='word_1_445' title='bbox 1201 4495 1471 4551; x_wconf 67' lang='lat' dir='ltr'><strong>llebraicae</strong></span> <span class='ocrx_word' id='word_1_446' title='bbox 1496 4494 1710 4549; x_wconf 84' lang='lat' dir='ltr'><strong>lectioni</strong></span> <span class='ocrx_word' id='word_1_447' title='bbox 1752 4492 1992 4547; x_wconf 87' lang='lat' dir='ltr'><strong>serviens</strong></span> <span class='ocrx_word' id='word_1_448' title='bbox 2016 4490 2131 4545; x_wconf 87' lang='lat' dir='ltr'><strong>edi-</strong></span> 
     </span>
    </p>
   </div>
   <div class='ocr_carea' id='block_1_69' title="bbox 2200 4485 3731 4567">
    <p class='ocr_par' dir='ltr' id='par_1_69' title="bbox 2298 4485 3731 4564">
     <span class='ocr_line' id='line_1_69' title="bbox 2298 4485 3731 4564; baseline 0.006 -23"><span class='ocrx_word' id='word_1_449' title='bbox 2298 4489 2448 4542; x_wconf 80' lang='grc' dir='ltr'>Οὓτω</span> <span class='ocrx_word' id='word_1_450' title='bbox 2487 4489 2592 4559; x_wconf 85' lang='grc' dir='ltr'><strong>γὰρ</strong></span> <span class='ocrx_word' id='word_1_451' title='bbox 2631 4489 2860 4554; x_wconf 80' lang='grc' dir='ltr'>Ἀκύλας</span> <span class='ocrx_word' id='word_1_452' title='bbox 2899 4492 3166 4547; x_wconf 88' lang='grc' dir='ltr'>δουλεύων</span> <span class='ocrx_word' id='word_1_453' title='bbox 3218 4495 3282 4563; x_wconf 80' lang='grc' dir='ltr'>τῇ</span> <span class='ocrx_word' id='word_1_454' title='bbox 3335 4492 3586 4564; x_wconf 77' lang='grc' dir='ltr'><strong>Ἐϐραῖκῇ</strong></span> <span class='ocrx_word' id='word_1_455' title='bbox 3636 4485 3731 4550; x_wconf 75' lang='grc' dir='ltr'>λέξε</span> 
     </span>
    </p>
   </div>
   <div class='ocr_carea' id='block_1_70' title="bbox 598 4578 2129 4660">
    <p class='ocr_par' dir='ltr' id='par_1_70' title="bbox 598 4578 2129 4660">
     <span class='ocr_line' id='line_1_70' title="bbox 598 4578 2129 4660; baseline -0.009 -15"><span class='ocrx_word' id='word_1_456' title='bbox 598 4590 724 4645; x_wconf 88' lang='lat' dir='ltr'><strong>dit:</strong></span> <span class='ocrx_word' id='word_1_457' title='bbox 759 4604 917 4660; x_wconf 87' lang='lat' dir='ltr'><strong>quem</strong></span> <span class='ocrx_word' id='word_1_458' title='bbox 955 4586 1123 4641; x_wconf 75' lang='lat' dir='ltr'><strong>Judaei</strong></span> <span class='ocrx_word' id='word_1_459' title='bbox 1172 4585 1574 4639; x_wconf 86' lang='lat' dir='ltr'><strong>accuratissime</strong></span> <span class='ocrx_word' id='word_1_460' title='bbox 1623 4582 1863 4637; x_wconf 90' lang='lat' dir='ltr'><strong>omnium</strong></span> <span class='ocrx_word' id='word_1_461' title='bbox 1911 4578 2129 4633; x_wconf 86' lang='lat' dir='ltr'><strong>credunt</strong></span> 
     </span>
    </p>
   </div>
   <div class='ocr_carea' id='block_1_71' title="bbox 2200 4578 3731 4660">
    <p class='ocr_par' dir='ltr' id='par_1_71' title="bbox 2225 4579 3731 4655">
     <span class='ocr_line' id='line_1_71' title="bbox 2225 4579 3731 4655; baseline -0.001 -22"><span class='ocrx_word' id='word_1_462' title='bbox 2225 4579 2519 4634; x_wconf 77' lang='grc' dir='ltr'>ἐκδέδωκεν</span> <span class='ocrx_word' id='word_1_463' title='bbox 2536 4580 2721 4645; x_wconf 80' lang='grc' dir='ltr'>εἰπών,</span> <span class='ocrx_word' id='word_1_464' title='bbox 2745 4582 3153 4655; x_wconf 82' lang='grc' dir='ltr'>φιλοτιμότερον</span> <span class='ocrx_word' id='word_1_465' title='bbox 3188 4585 3602 4655; x_wconf 82' lang='grc' dir='ltr'>πεπιστευμένος</span> <span class='ocrx_word' id='word_1_466' title='bbox 3631 4596 3731 4647; x_wconf 60' lang='grc' dir='ltr'>παρέ</span> 
     </span>
    </p>
   </div>
   <div class='ocr_carea' id='block_1_72' title="bbox 599 4667 2130 4749">
    <p class='ocr_par' dir='ltr' id='par_1_72' title="bbox 599 4667 2130 4749">
     <span class='ocr_line' id='line_1_72' title="bbox 599 4667 2130 4749; baseline -0.01 -15"><span class='ocrx_word' id='word_1_467' title='bbox 599 4680 1005 4749; x_wconf 86' lang='lat' dir='ltr'><strong>interpretatum</strong></span> <span class='ocrx_word' id='word_1_468' title='bbox 1038 4692 1156 4733; x_wconf 90' lang='lat' dir='ltr'><strong>esse</strong></span> <span class='ocrx_word' id='word_1_469' title='bbox 1201 4672 1527 4744; x_wconf 87' lang='lat' dir='ltr'><strong>Scripturam</strong></span> <span class='ocrx_word' id='word_1_470' title='bbox 1559 4690 1571 4727; x_wconf 92' lang='lat'><strong>:</strong></span> <span class='ocrx_word' id='word_1_471' title='bbox 1606 4688 1713 4743; x_wconf 91' lang='lat' dir='ltr'><strong>quo</strong></span> <span class='ocrx_word' id='word_1_472' title='bbox 1770 4669 2003 4724; x_wconf 79' lang='lat' dir='ltr'><strong>maxime</strong></span> <span class='ocrx_word' id='word_1_473' title='bbox 2055 4667 2130 4720; x_wconf 89' lang='lat' dir='ltr'><strong>uti</strong></span> 
     </span>
    </p>
   </div>
   <div class='ocr_carea' id='block_1_73' title="bbox 2200 4667 3731 4749">
    <p class='ocr_par' dir='ltr' id='par_1_73' title="bbox 2237 4667 3731 4746">
     <span class='ocr_line' id='line_1_73' title="bbox 2237 4667 3731 4746; baseline -0.001 -25"><span class='ocrx_word' id='word_1_474' title='bbox 2237 4669 2502 4732; x_wconf 83' lang='grc' dir='ltr'>Ἰουδαίοις</span> <span class='ocrx_word' id='word_1_475' title='bbox 2546 4672 2949 4741; x_wconf 85' lang='grc' dir='ltr'>ἡρμηνευκέναι</span> <span class='ocrx_word' id='word_1_476' title='bbox 3000 4673 3100 4745; x_wconf 81' lang='grc' dir='ltr'>τὴν</span> <span class='ocrx_word' id='word_1_477' title='bbox 3149 4676 3407 4746; x_wconf 82' lang='grc' dir='ltr'>Γραφὴν,</span> <span class='ocrx_word' id='word_1_478' title='bbox 3456 4667 3499 4742; x_wconf 78' lang='grc' dir='ltr'>ᾧ</span> <span class='ocrx_word' id='word_1_479' title='bbox 3554 4671 3731 4743; x_wconf 62' lang='grc' dir='ltr'>μάλιστ</span> 
     </span>
    </p>
   </div>
   <div class='ocr_carea' id='block_1_74' title="bbox 599 4752 2130 4840">
    <p class='ocr_par' dir='ltr' id='par_1_74' title="bbox 599 4764 2130 4840">
     <span class='ocr_line' id='line_1_74' title="bbox 599 4764 2130 4840; baseline -0.01 -14"><span class='ocrx_word' id='word_1_480' title='bbox 599 4771 779 4826; x_wconf 82' lang='lat' dir='ltr'><strong>solent</strong></span> <span class='ocrx_word' id='word_1_481' title='bbox 820 4770 912 4840; x_wconf 89' lang='lat' dir='ltr'><strong>qui</strong></span> <span class='ocrx_word' id='word_1_482' title='bbox 956 4768 1271 4824; x_wconf 81' lang='lat' dir='ltr'><strong>Hebraicam</strong></span> <span class='ocrx_word' id='word_1_483' title='bbox 1318 4767 1601 4821; x_wconf 85' lang='lat' dir='ltr'><strong>dialectum</strong></span> <span class='ocrx_word' id='word_1_484' title='bbox 1639 4764 1918 4833; x_wconf 78' lang='lat' dir='ltr'><strong>ignorant,</strong></span> <span class='ocrx_word' id='word_1_485' title='bbox 1950 4766 2130 4827; x_wconf 91' lang='lat' dir='ltr'><strong>utpote</strong></span> 
     </span>
    </p>
   </div>
   <div class='ocr_carea' id='block_1_75' title="bbox 2200 4752 3731 4840">
    <p class='ocr_par' dir='ltr' id='par_1_75' title="bbox 2225 4752 3731 4831">
     <span class='ocr_line' id='line_1_75' title="bbox 2225 4752 3731 4831; baseline 0.006 -27"><span class='ocrx_word' id='word_1_486' title='bbox 2225 4752 2470 4807; x_wconf 77' lang='grc' dir='ltr'>εἰώθασιν</span> <span class='ocrx_word' id='word_1_487' title='bbox 2498 4756 2545 4807; x_wconf 90' lang='grc' dir='ltr'>οἱ</span> <span class='ocrx_word' id='word_1_488' title='bbox 2574 4756 2892 4821; x_wconf 78' lang='grc' dir='ltr'>ἀγνοούντες</span> <span class='ocrx_word' id='word_1_489' title='bbox 2927 4758 3027 4828; x_wconf 83' lang='grc' dir='ltr'>τὴν</span> <span class='ocrx_word' id='word_1_490' title='bbox 3062 4760 3330 4831; x_wconf 80' lang='grc' dir='ltr'>Ἐϐραίων</span> <span class='ocrx_word' id='word_1_491' title='bbox 3359 4763 3624 4816; x_wconf 87' lang='grc' dir='ltr'>διάλεκτον</span> <span class='ocrx_word' id='word_1_492' title='bbox 3646 4754 3731 4826; x_wconf 80' lang='grc' dir='ltr'>χρῆ</span> 
     </span>
    </p>
   </div>
   <div class='ocr_carea' id='block_1_76' title="bbox 604 4841 2135 4929">
    <p class='ocr_par' dir='ltr' id='par_1_76' title="bbox 604 4861 2132 4929">
     <span class='ocr_line' id='line_1_76' title="bbox 604 4861 2132 4929; baseline -0.007 -17"><span class='ocrx_word' id='word_1_493' title='bbox 604 4861 697 4929; x_wconf 91' lang='lat' dir='ltr'><strong>qui</strong></span> <span class='ocrx_word' id='word_1_494' title='bbox 738 4863 978 4917; x_wconf 88' lang='lat' dir='ltr'><strong>omnium</strong></span> <span class='ocrx_word' id='word_1_495' title='bbox 1018 4862 1250 4916; x_wconf 83' lang='lat' dir='ltr'><strong>maxime</strong></span> <span class='ocrx_word' id='word_1_496' title='bbox 1289 4874 1504 4914; x_wconf 87' lang='lat' dir='ltr'><strong>sensum</strong></span> <span class='ocrx_word' id='word_1_497' title='bbox 1556 4862 1833 4912; x_wconf 89' lang='lat' dir='ltr'><strong>assecutus</strong></span> <span class='ocrx_word' id='word_1_498' title='bbox 1869 4865 1988 4905; x_wconf 89' lang='lat' dir='ltr'><strong>esse</strong></span> <span class='ocrx_word' id='word_1_499' title='bbox 2034 4864 2132 4918; x_wconf 87' lang='lat' dir='ltr'><strong>pu-</strong></span> 
     </span>
    </p>
   </div>
   <div class='ocr_carea' id='block_1_77' title="bbox 1914 4841 3445 4929">
    <p class='ocr_par' dir='ltr' id='par_1_77' title="bbox 1914 4841 3445 4924">
     <span class='ocr_line' id='line_1_77' title="bbox 1914 4841 3445 4924; baseline 0.002 -19"><span class='ocrx_word' id='word_1_500' title='bbox 1914 4865 1988 4905; x_wconf 76' lang='lat' dir='ltr'><strong>sse</strong></span> <span class='ocrx_word' id='word_1_501' title='bbox 2034 4864 2132 4918; x_wconf 86' lang='lat' dir='ltr'><strong>pu-</strong></span> <span class='ocrx_word' id='word_1_502' title='bbox 2234 4841 2375 4905; x_wconf 79' lang='grc' dir='ltr'>σθαι,</span> <span class='ocrx_word' id='word_1_503' title='bbox 2405 4842 2479 4907; x_wconf 83' lang='grc' dir='ltr'>ὡς</span> <span class='ocrx_word' id='word_1_504' title='bbox 2509 4846 2719 4898; x_wconf 84' lang='grc' dir='ltr'>πάντων</span> <span class='ocrx_word' id='word_1_505' title='bbox 2753 4847 2957 4916; x_wconf 81' lang='grc' dir='ltr'>μᾶλλον</span> <span class='ocrx_word' id='word_1_506' title='bbox 2983 4851 3445 4924; x_wconf 83' lang='grc' dir='ltr'>ὲπιτετευγμένῳ.</span> 
     </span>
    </p>
   </div>
   <div class='ocr_carea' id='block_1_78' title="bbox 608 4959 766 5005">
    <p class='ocr_par' dir='ltr' id='par_1_78' title="bbox 608 4959 766 5005">
     <span class='ocr_line' id='line_1_78' title="bbox 608 4959 766 5005; baseline -0.006 0"><span class='ocrx_word' id='word_1_507' title='bbox 608 4959 766 5005; x_wconf 70' lang='grc' dir='ltr'>ιειιιιι.</span> 
     </span>
    </p>
   </div>
   <div class='ocr_carea' id='block_1_79' title="bbox 1781 5021 2602 5103">
    <p class='ocr_par' dir='ltr' id='par_1_79' title="bbox 1781 5021 2602 5103">
     <span class='ocr_line' id='line_1_79' title="bbox 1781 5021 2602 5103; baseline -0.017 -12"><span class='ocrx_word' id='word_1_508' title='bbox 1781 5035 1927 5103; x_wconf 85' lang='lat' dir='ltr'><strong>Orig.</strong></span> <span class='ocrx_word' id='word_1_509' title='bbox 1952 5032 2021 5086; x_wconf 87' lang='lat' dir='ltr'><strong>ad</strong></span> <span class='ocrx_word' id='word_1_510' title='bbox 2042 5028 2371 5098; x_wconf 78' lang='lat' dir='ltr'><strong>Africanum,</strong></span> <span class='ocrx_word' id='word_1_511' title='bbox 2399 5040 2452 5092; x_wconf 81' lang='grc' dir='ltr'>ρ.</span> <span class='ocrx_word' id='word_1_512' title='bbox 2478 5021 2602 5077; x_wconf 86' lang='lat'><strong>226.</strong></span> 
     </span>
    </p>
   </div>
   <div class='ocr_carea' id='block_1_80' title="bbox 675 5134 2206 5227">
    <p class='ocr_par' dir='ltr' id='par_1_80' title="bbox 675 5134 2206 5227">
     <span class='ocr_line' id='line_1_80' title="bbox 675 5134 2206 5227; baseline -0.005 -21"><span class='ocrx_word' id='word_1_513' title='bbox 675 5152 909 5208; x_wconf 76' lang='lat' dir='ltr'><strong>Rursum</strong></span> <span class='ocrx_word' id='word_1_514' title='bbox 955 5134 1183 5223; x_wconf 86' lang='lat' dir='ltr'><strong>plurima</strong></span> <span class='ocrx_word' id='word_1_515' title='bbox 1231 5171 1326 5227; x_wconf 87' lang='lat' dir='ltr'><strong>per</strong></span> <span class='ocrx_word' id='word_1_516' title='bbox 1372 5157 1605 5213; x_wconf 90' lang='lat' dir='ltr'><strong>medium</strong></span> <span class='ocrx_word' id='word_1_517' title='bbox 1640 5163 1810 5209; x_wconf 89' lang='lat' dir='ltr'><strong>totum</strong></span> <span class='ocrx_word' id='word_1_518' title='bbox 1849 5149 1951 5204; x_wconf 81' lang='lat' dir='ltr'><strong>Job</strong></span> <span class='ocrx_word' id='word_1_519' title='bbox 1994 5147 2131 5216; x_wconf 87' lang='lat' dir='ltr'><strong>apud</strong></span> <span class='ocrx_word' id='word_1_520' title='bbox 2162 5147 2206 5201; x_wconf 87' lang='grc' dir='ltr'><strong>Ι)</strong></span> 
     </span>
    </p>
   </div>
   <div class='ocr_carea' id='block_1_81' title="bbox 2200 5134 3731 5227">
    <p class='ocr_par' dir='ltr' id='par_1_81' title="bbox 2200 5134 3731 5217">
     <span class='ocr_line' id='line_1_81' title="bbox 2200 5134 3731 5217; baseline 0 -25"><span class='ocrx_word' id='word_1_521' title='bbox 2200 5157 2207 5192; x_wconf 71' lang='grc' dir='ltr'><strong>ι</strong></span> <span class='ocrx_word' id='word_1_522' title='bbox 2302 5138 2465 5192; x_wconf 88' lang='grc' dir='ltr'>Πάλιν</span> <span class='ocrx_word' id='word_1_523' title='bbox 2496 5155 2552 5191; x_wconf 89' lang='grc' dir='ltr'><strong>τε</strong></span> <span class='ocrx_word' id='word_1_524' title='bbox 2584 5134 2648 5192; x_wconf 80' lang='grc' dir='ltr'>αὗ</span> <span class='ocrx_word' id='word_1_525' title='bbox 2683 5139 2907 5194; x_wconf 83' lang='grc' dir='ltr'>πλεῖστα</span> <span class='ocrx_word' id='word_1_526' title='bbox 2947 5142 3050 5197; x_wconf 76' lang='grc' dir='ltr'><strong>ὅσα</strong></span> <span class='ocrx_word' id='word_1_527' title='bbox 3076 5144 3167 5199; x_wconf 82' lang='grc' dir='ltr'>διὰ</span> <span class='ocrx_word' id='word_1_528' title='bbox 3200 5147 3368 5217; x_wconf 85' lang='grc' dir='ltr'>μέσου</span> <span class='ocrx_word' id='word_1_529' title='bbox 3396 5147 3514 5200; x_wconf 79' lang='grc' dir='ltr'>ὅλου</span> <span class='ocrx_word' id='word_1_530' title='bbox 3539 5141 3627 5198; x_wconf 81' lang='grc' dir='ltr'><strong>τοῦ</strong></span> <span class='ocrx_word' id='word_1_531' title='bbox 3667 5136 3731 5192; x_wconf 73' lang='grc' dir='ltr'><strong>Ἰὼ</strong></span> 
     </span>
    </p>
   </div>
   <div class='ocr_carea' id='block_1_82' title="bbox 610 5228 2141 5315">
    <p class='ocr_par' dir='ltr' id='par_1_82' title="bbox 610 5241 2137 5315">
     <span class='ocr_line' id='line_1_82' title="bbox 610 5241 2137 5315; baseline -0.003 -18"><span class='ocrx_word' id='word_1_532' title='bbox 610 5243 863 5298; x_wconf 65' lang='lat' dir='ltr'><strong>Hebraeos</strong></span> <span class='ocrx_word' id='word_1_533' title='bbox 885 5245 1055 5311; x_wconf 82' lang='lat' dir='ltr'><strong>posita</strong></span> <span class='ocrx_word' id='word_1_534' title='bbox 1084 5248 1439 5315; x_wconf 87' lang='lat' dir='ltr'><strong>reperiuntur,</strong></span> <span class='ocrx_word' id='word_1_535' title='bbox 1470 5265 1576 5304; x_wconf 86' lang='lat' dir='ltr'><strong>non</strong></span> <span class='ocrx_word' id='word_1_536' title='bbox 1602 5248 1727 5301; x_wconf 87' lang='lat' dir='ltr'><strong>item</strong></span> <span class='ocrx_word' id='word_1_537' title='bbox 1753 5243 1892 5314; x_wconf 90' lang='lat' dir='ltr'><strong>apud</strong></span> <span class='ocrx_word' id='word_1_538' title='bbox 1916 5256 2034 5306; x_wconf 87' lang='lat' dir='ltr'><strong>nos,</strong></span> <span class='ocrx_word' id='word_1_539' title='bbox 2061 5241 2137 5293; x_wconf 90' lang='lat' dir='ltr'><strong>in-</strong></span> 
     </span>
    </p>
   </div>
   <div class='ocr_carea' id='block_1_83' title="bbox 2200 5228 3731 5315">
    <p class='ocr_par' dir='ltr' id='par_1_83' title="bbox 2234 5228 3731 5307">
     <span class='ocr_line' id='line_1_83' title="bbox 2234 5228 3731 5307; baseline 0.003 -25"><span class='ocrx_word' id='word_1_540' title='bbox 2234 5231 2361 5299; x_wconf 81' lang='grc' dir='ltr'>παρ⁹</span> <span class='ocrx_word' id='word_1_541' title='bbox 2393 5228 2658 5298; x_wconf 75' lang='grc' dir='ltr'>Ἑϐραίοις</span> <span class='ocrx_word' id='word_1_542' title='bbox 2700 5229 2799 5299; x_wconf 79' lang='grc' dir='ltr'><strong>μὲν</strong></span> <span class='ocrx_word' id='word_1_543' title='bbox 2831 5234 3039 5286; x_wconf 84' lang='grc' dir='ltr'>κεῖται·</span> <span class='ocrx_word' id='word_1_544' title='bbox 3084 5236 3216 5307; x_wconf 86' lang='grc' dir='ltr'>παρ’</span> <span class='ocrx_word' id='word_1_545' title='bbox 3254 5239 3387 5307; x_wconf 77' lang='grc' dir='ltr'>ἡμῖν</span> <span class='ocrx_word' id='word_1_546' title='bbox 3425 5237 3484 5291; x_wconf 73' lang='grc' dir='ltr'>δὲ</span> <span class='ocrx_word' id='word_1_547' title='bbox 3519 5232 3665 5304; x_wconf 75' lang='grc' dir='ltr'>οὐχὶ,</span> <span class='ocrx_word' id='word_1_548' title='bbox 3690 5244 3731 5281; x_wconf 72' lang='grc' dir='ltr'>κε</span> 
     </span>
    </p>
   </div>
   <div class='ocr_carea' id='block_1_84' title="bbox 611 5318 2142 5399">
    <p class='ocr_par' dir='ltr' id='par_1_84' title="bbox 611 5327 2136 5399">
     <span class='ocr_line' id='line_1_84' title="bbox 611 5327 2136 5399; baseline 0 -17"><span class='ocrx_word' id='word_1_549' title='bbox 611 5327 823 5382; x_wconf 72' lang='lat' dir='ltr'><strong>tardum</strong></span> <span class='ocrx_word' id='word_1_550' title='bbox 857 5330 1284 5397; x_wconf 86' lang='lat' dir='ltr'><strong>quatuordecim,</strong></span> <span class='ocrx_word' id='word_1_551' title='bbox 1304 5335 1428 5389; x_wconf 89' lang='lat' dir='ltr'><strong>alibi</strong></span> <span class='ocrx_word' id='word_1_552' title='bbox 1445 5333 1834 5398; x_wconf 73' lang='lat' dir='ltr'><strong>novemdecim,</strong></span> <span class='ocrx_word' id='word_1_553' title='bbox 1850 5329 2136 5399; x_wconf 89' lang='lat' dir='ltr'><strong>aliquando</strong></span> 
     </span>
    </p>
   </div>
   <div class='ocr_carea' id='block_1_85' title="bbox 2200 5318 3731 5399">
    <p class='ocr_par' dir='ltr' id='par_1_85' title="bbox 2234 5318 3731 5398">
     <span class='ocr_line' id='line_1_85' title="bbox 2234 5318 3731 5398; baseline 0.003 -27"><span class='ocrx_word' id='word_1_554' title='bbox 2234 5318 2487 5383; x_wconf 80' lang='grc' dir='ltr'>πολλάκις</span> <span class='ocrx_word' id='word_1_555' title='bbox 2528 5319 2623 5389; x_wconf 80' lang='grc' dir='ltr'>μὲν</span> <span class='ocrx_word' id='word_1_556' title='bbox 2665 5321 2758 5373; x_wconf 75' lang='grc' dir='ltr'><strong>ἐπὶ</strong></span> <span class='ocrx_word' id='word_1_557' title='bbox 2789 5322 3030 5395; x_wconf 83' lang='grc' dir='ltr'>τέσσαρα</span> <span class='ocrx_word' id='word_1_558' title='bbox 3065 5326 3099 5396; x_wconf 76' lang='grc' dir='ltr'>ἢ</span> <span class='ocrx_word' id='word_1_559' title='bbox 3132 5329 3294 5398; x_wconf 78' lang='grc' dir='ltr'>τρίαο</span> <span class='ocrx_word' id='word_1_560' title='bbox 3339 5328 3450 5381; x_wconf 75' lang='grc' dir='ltr'>ἐσθ’</span> <span class='ocrx_word' id='word_1_561' title='bbox 3478 5329 3563 5380; x_wconf 82' lang='grc' dir='ltr'>ὅτε</span> <span class='ocrx_word' id='word_1_562' title='bbox 3601 5323 3654 5376; x_wconf 81' lang='grc' dir='ltr'><strong>δὲ</strong></span> <span class='ocrx_word' id='word_1_563' title='bbox 3689 5334 3731 5372; x_wconf 75' lang='grc' dir='ltr'>κε</span> 
     </span>
    </p>
   </div>
   <div class='ocr_carea' id='block_1_86' title="bbox 608 5407 2139 5494">
    <p class='ocr_par' dir='ltr' id='par_1_86' title="bbox 608 5416 2136 5494">
     <span class='ocr_line' id='line_1_86' title="bbox 608 5416 2136 5494; baseline 0.001 -24"><span class='ocrx_word' id='word_1_564' title='bbox 608 5416 878 5471; x_wconf 61' lang='lat' dir='ltr'><strong>sexdecim</strong></span> <span class='ocrx_word' id='word_1_565' title='bbox 914 5416 1181 5472; x_wconf 89' lang='lat' dir='ltr'><strong>versiculi.</strong></span> <span class='ocrx_word' id='word_1_566' title='bbox 1225 5420 1289 5475; x_wconf 87' lang='lat' dir='ltr'><strong>Et</strong></span> <span class='ocrx_word' id='word_1_567' title='bbox 1312 5424 1438 5491; x_wconf 90' lang='lat' dir='ltr'><strong>quid</strong></span> <span class='ocrx_word' id='word_1_568' title='bbox 1470 5432 1678 5494; x_wconf 87' lang='lat' dir='ltr'><strong>oportet</strong></span> <span class='ocrx_word' id='word_1_569' title='bbox 1722 5435 1805 5475; x_wconf 90' lang='lat' dir='ltr'><strong>me</strong></span> <span class='ocrx_word' id='word_1_570' title='bbox 1844 5422 1955 5475; x_wconf 69' lang='lat' dir='ltr'><strong>haec</strong></span> <span class='ocrx_word' id='word_1_571' title='bbox 2001 5434 2136 5473; x_wconf 85' lang='lat' dir='ltr'><strong>enu-</strong></span> 
     </span>
    </p>
   </div>
   <div class='ocr_carea' id='block_1_87' title="bbox 2200 5407 3731 5494">
    <p class='ocr_par' dir='ltr' id='par_1_87' title="bbox 2234 5407 3731 5481">
     <span class='ocr_line' id='line_1_87' title="bbox 2234 5407 3731 5481; baseline 0 -21"><span class='ocrx_word' id='word_1_572' title='bbox 2234 5407 2630 5478; x_wconf 80' lang='grc' dir='ltr'>δεκατέσσαρα,</span> <span class='ocrx_word' id='word_1_573' title='bbox 2664 5409 2757 5461; x_wconf 78' lang='grc' dir='ltr'>καὶ</span> <span class='ocrx_word' id='word_1_574' title='bbox 2782 5408 3078 5467; x_wconf 83' lang='grc' dir='ltr'>δεκαεννέα</span> <span class='ocrx_word' id='word_1_575' title='bbox 3115 5416 3211 5469; x_wconf 75' lang='grc' dir='ltr'>καὶ</span> <span class='ocrx_word' id='word_1_576' title='bbox 3262 5416 3472 5481; x_wconf 77' lang='grc' dir='ltr'>δεκαέξ.</span> <span class='ocrx_word' id='word_1_577' title='bbox 3506 5413 3609 5468; x_wconf 78' lang='grc' dir='ltr'><strong>Καὶ</strong></span> <span class='ocrx_word' id='word_1_578' title='bbox 3636 5408 3683 5463; x_wconf 85' lang='grc' dir='ltr'><strong>τί</strong></span> <span class='ocrx_word' id='word_1_579' title='bbox 3713 5424 3731 5475; x_wconf 68' lang='grc' dir='ltr'><strong>μ</strong></span> 
     </span>
    </p>
   </div>
   <div class='ocr_carea' id='block_1_88' title="bbox 615 5496 2146 5587">
    <p class='ocr_par' dir='ltr' id='par_1_88' title="bbox 615 5510 2133 5587">
     <span class='ocr_line' id='line_1_88' title="bbox 615 5510 2133 5587; baseline 0.002 -26"><span class='ocrx_word' id='word_1_580' title='bbox 615 5523 844 5574; x_wconf 85' lang='lat' dir='ltr'><strong>merare,</strong></span> <span class='ocrx_word' id='word_1_581' title='bbox 873 5523 992 5578; x_wconf 61' lang='lat' dir='ltr'><strong>quae</strong></span> <span class='ocrx_word' id='word_1_582' title='bbox 1018 5510 1183 5565; x_wconf 90' lang='lat' dir='ltr'><strong>multo</strong></span> <span class='ocrx_word' id='word_1_583' title='bbox 1212 5513 1391 5572; x_wconf 85' lang='lat' dir='ltr'><strong>labore</strong></span> <span class='ocrx_word' id='word_1_584' title='bbox 1419 5518 1750 5587; x_wconf 75' lang='lat' dir='ltr'><strong>collegimus,</strong></span> <span class='ocrx_word' id='word_1_585' title='bbox 1783 5530 1849 5569; x_wconf 86' lang='lat' dir='ltr'><strong>ne</strong></span> <span class='ocrx_word' id='word_1_586' title='bbox 1880 5512 2133 5587; x_wconf 77' lang='lat' dir='ltr'><strong>nos,late—</strong></span> 
     </span>
    </p>
   </div>
   <div class='ocr_carea' id='block_1_89' title="bbox 2200 5496 3731 5587">
    <p class='ocr_par' dir='ltr' id='par_1_89' title="bbox 2239 5496 3731 5576">
     <span class='ocr_line' id='line_1_89' title="bbox 2239 5496 3731 5576; baseline 0.005 -26"><span class='ocrx_word' id='word_1_587' title='bbox 2239 5498 2316 5550; x_wconf 76' lang='grc' dir='ltr'><strong>δεῖ</strong></span> <span class='ocrx_word' id='word_1_588' title='bbox 2335 5496 2647 5564; x_wconf 84' lang='grc' dir='ltr'>καταλέγειν</span> <span class='ocrx_word' id='word_1_589' title='bbox 2668 5498 2705 5551; x_wconf 77' lang='grc' dir='ltr'><strong>ἃ.</strong></span> <span class='ocrx_word' id='word_1_590' title='bbox 2734 5498 2874 5567; x_wconf 88' lang='grc' dir='ltr'>μετὰ</span> <span class='ocrx_word' id='word_1_591' title='bbox 2905 5501 3102 5556; x_wconf 88' lang='grc' dir='ltr'>πολλοῦ</span> <span class='ocrx_word' id='word_1_592' title='bbox 3134 5507 3385 5576; x_wconf 84' lang='grc' dir='ltr'>καμάτου</span> <span class='ocrx_word' id='word_1_593' title='bbox 3411 5497 3731 5573; x_wconf 60' lang='grc' dir='ltr'>άνελεξάμεθί</span> 
     </span>
    </p>
   </div>
   <div class='ocr_carea' id='block_1_90' title="bbox 619 5587 2150 5670">
    <p class='ocr_par' dir='ltr' id='par_1_90' title="bbox 619 5587 2136 5669">
     <span class='ocr_line' id='line_1_90' title="bbox 619 5587 2136 5669; baseline 0.003 -16"><span class='ocrx_word' id='word_1_594' title='bbox 619 5609 700 5654; x_wconf 84' lang='lat' dir='ltr'><strong>rct</strong></span> <span class='ocrx_word' id='word_1_595' title='bbox 729 5599 1046 5664; x_wconf 88' lang='lat' dir='ltr'><strong>discrimen,</strong></span> <span class='ocrx_word' id='word_1_596' title='bbox 1075 5602 1215 5669; x_wconf 84' lang='lat' dir='ltr'><strong>quod</strong></span> <span class='ocrx_word' id='word_1_597' title='bbox 1250 5604 1386 5661; x_wconf 85' lang='lat' dir='ltr'><strong>inter</strong></span> <span class='ocrx_word' id='word_1_598' title='bbox 1412 5607 1630 5664; x_wconf 64' lang='lat' dir='ltr'><strong>Iudaica</strong></span> <span class='ocrx_word' id='word_1_599' title='bbox 1667 5616 1720 5663; x_wconf 88' lang='lat' dir='ltr'><strong>ct</strong></span> <span class='ocrx_word' id='word_1_600' title='bbox 1746 5615 1920 5663; x_wconf 84' lang='lat' dir='ltr'><strong>nostra</strong></span> <span class='ocrx_word' id='word_1_601' title='bbox 1961 5587 2136 5660; x_wconf 58' lang='lat' dir='ltr'><strong>ciem-</strong></span> 
     </span>
    </p>
   </div>
   <div class='ocr_carea' id='block_1_91' title="bbox 2200 5587 3731 5670">
    <p class='ocr_par' dir='ltr' id='par_1_91' title="bbox 2243 5587 3731 5670">
     <span class='ocr_line' id='line_1_91' title="bbox 2243 5587 3731 5670; baseline 0.005 -30"><span class='ocrx_word' id='word_1_602' title='bbox 2243 5588 2379 5657; x_wconf 78' lang='grc' dir='ltr'>ὑπὲρ</span> <span class='ocrx_word' id='word_1_603' title='bbox 2408 5587 2499 5640; x_wconf 81' lang='grc' dir='ltr'>τοῦ</span> <span class='ocrx_word' id='word_1_604' title='bbox 2526 5588 2598 5659; x_wconf 82' lang='grc' dir='ltr'><strong>μὴ</strong></span> <span class='ocrx_word' id='word_1_605' title='bbox 2624 5587 2908 5643; x_wconf 86' lang='grc' dir='ltr'>λανθάνειν</span> <span class='ocrx_word' id='word_1_606' title='bbox 2929 5593 3078 5662; x_wconf 76' lang='grc' dir='ltr'>ἡμᾶς</span> <span class='ocrx_word' id='word_1_607' title='bbox 3103 5596 3200 5666; x_wconf 83' lang='grc' dir='ltr'>τὴν</span> <span class='ocrx_word' id='word_1_608' title='bbox 3227 5598 3487 5670; x_wconf 82' lang='grc' dir='ltr'>διαφορὰν</span> <span class='ocrx_word' id='word_1_609' title='bbox 3515 5596 3616 5652; x_wconf 82' lang='grc' dir='ltr'><strong>τῶν</strong></span> <span class='ocrx_word' id='word_1_610' title='bbox 3644 5604 3731 5659; x_wconf 67' lang='grc' dir='ltr'>παρ</span> 
     </span>
    </p>
   </div>
   <div class='ocr_carea' id='block_1_92' title="bbox 621 5678 2152 5761">
    <p class='ocr_par' dir='ltr' id='par_1_92' title="bbox 621 5686 1106 5761">
     <span class='ocr_line' id='line_1_92' title="bbox 621 5686 1106 5761; baseline -0.004 -20"><span class='ocrx_word' id='word_1_611' title='bbox 621 5689 788 5761; x_wconf 83' lang='lat' dir='ltr'><strong>plaria</strong></span> <span class='ocrx_word' id='word_1_612' title='bbox 816 5686 1106 5744; x_wconf 82' lang='lat' dir='ltr'><strong>intercedit.</strong></span> 
     </span>
    </p>
   </div>
   <div class='ocr_carea' id='block_1_93' title="bbox 1667 5678 3198 5761">
    <p class='ocr_par' dir='ltr' id='par_1_93' title="bbox 2260 5678 3198 5755">
     <span class='ocr_line' id='line_1_93' title="bbox 2260 5678 3198 5755; baseline 0.01 -24"><span class='ocrx_word' id='word_1_613' title='bbox 2260 5678 2521 5743; x_wconf 80' lang='grc' dir='ltr'>Ἰουδαίοις</span> <span class='ocrx_word' id='word_1_614' title='bbox 2547 5682 2639 5735; x_wconf 69' lang='grc' dir='ltr'><strong>καὶ</strong></span> <span class='ocrx_word' id='word_1_615' title='bbox 2668 5681 2802 5751; x_wconf 77' lang='grc' dir='ltr'>ημῖν</span> <span class='ocrx_word' id='word_1_616' title='bbox 2832 5680 3198 5755; x_wconf 72' lang='grc' dir='ltr'>ἀντιγράφων.</span> 
     </span>
    </p>
   </div>
  </div>
