3878 6380
586 376 693 451 1m

1902 408 2403 466 PRASLIMINARIA
3609 430 3686 486 ηε

587 527 711 569 nam
744 531 773 569 a
820 514 966 568 nobis
996 515 1059 568 de
1088 516 1360 574 Altissimo
1398 536 1459 576 ac
1502 522 1567 576 de
1597 522 1821 579 Domino
1865 526 2110 580 traditam

2220 526 2469 592 Ὑψίστου
2503 529 2592 579 καὶ
2640 530 2763 598 περὶ
2803 530 2892 582 τοῦ
2939 533 3142 602 Κυρίου
3189 533 3549 603 ἀποδεδομένον
3581 538 3688 609 ἡμῖν

586 614 883 674 suspectam
907 605 1181 660 habentes.

2208 616 2398 684 δόγμα.

1978 708 2117 761 Ibid.
2144 725 2197 774 p.
2228 707 2313 763 86.

652 785 951 841 Admodum
988 790 1299 847 mirabiliter
1328 793 1697 865 Symmachus.

2279 804 2484 875 Σφόδρα
2518 806 2835 876 θαυμαστῶς
2863 811 2890 861 6
2925 808 3229 878 Σύμμαχος.

1977 888 2115 945 Ibid.
2137 909 2188 961 p.
2214 893 2332 948 199.

648 966 954 1027 Mirabilitcr
982 976 1354 1046 interpretatus
1379 989 1457 1034 est
1489 978 1859 1050 Symmachus.

2287 988 2645 1060 Ἥρμήνευσεν
2675 991 2993 1061 θαυμαστῶς
3020 993 3048 1042 6
3081 990 3391 1060 Σύμμαχος.

2046 1076 2184 1130 Ibid.

645 1148 940 1213 Theodotio
995 1162 1087 1230 qui
1129 1177 1352 1218 numero
1406 1164 1793 1221 accuratiorum
1842 1168 2104 1238 interpre-

575 1247 690 1295 tum
718 1254 799 1300 est

2273 1175 2379 1226 Καὶ
2407 1176 2434 1226 6
2467 1175 2748 1228 Θεοδοτίων
2778 1176 2854 1239 δὲ,
2892 1170 2970 1238 εἷς
3002 1175 3096 1229 καὶ
3139 1173 3297 1239 αὐτὸς
3325 1174 3428 1229 τῶν
3468 1176 3699 1247 ἐπιμελῶς

2205 1266 2640 1336 ὲρμηνευσάντων
2667 1268 2962 1336 τυγχάνων.

1399 1366 1741 1438 Hieronymus
1779 1370 2000 1441 Prologo
2022 1374 2081 1426 inv
2104 1373 2357 1443 Cenesim,
2390 1378 2538 1430 initio
2570 1379 2722 1446 primi
2746 1380 2892 1431 tomi.

641 1441 792 1508 Quod
822 1455 880 1500 ut
908 1450 1177 1517 auderem,
1209 1453 1451 1524 Origenis
1482 1472 1565 1509 me
1587 1460 1820 1514 studium
1843 1477 2100 1529 provoca-

574 1535 670 1598 vit,
696 1537 786 1603 qui
821 1539 1039 1593 editioni
1076 1545 1305 1612 antiqua:
1344 1548 1742 1603 translationem
1774 1549 2097 1606 Theodotio-

572 1624 656 1676 nis
688 1626 921 1691 miscuit,
959 1632 1210 1685 asterisco
1252 1638 1315 1701 >εε
1343 1645 1394 1689 et
1435 1638 1585 1691 obelo
1614 1653 1696 1704 4-,
1741 1641 1789 1693 id
1818 1650 1900 1695 est
1932 1642 2083 1696 stella

570 1720 623 1766 et
666 1729 815 1779 veru,
863 1733 996 1786 opus
1028 1735 1185 1777 omne
1211 1724 1578 1795 distinguens:
1621 1730 1747 1783 dum
1782 1726 1888 1786 ‘aut
1915 1732 2099 1788 illuce«

570 1816 723 1858 acere
770 1804 896 1862 facit
921 1826 1040 1878 qua:
1070 1813 1248 1868 minus
1283 1826 1403 1870 ante
1434 1818 1677 1883 fuerant;
1715 1829 1806 1874 aut
1835 1822 2097 1890 superﬂua

2203 1467 2256 1519 in
2304 1468 2501 1521 nostris
2544 1468 2814 1522 codicibus
2860 1482 2967 1521 non
3003 1468 3290 1533 habentur,
3328 1475 3386 1521 ut
3429 1477 3511 1521 est
3552 1467 3696 1521 illud:

2204 1555 2286 1607 Ex
2309 1556 2535 1624 {Egypto
2562 1558 2731 1609 vocari
2753 1555 2951 1609 Filium
2981 1573 3170 1621 meum,
3189 1567 3241 1609 et
3259 1575 3271 1610 :
3290 1558 3526 1626 quoniam
3549 1555 3701 1610 Naza-

2202 1662 2335 1698 rwus
2359 1645 2641 1709 vocabitur,
2665 1654 2751 1699 et:
2788 1645 3040 1699 Videbunt
3065 1646 3117 1698 in
3140 1662 3289 1714 quem
3311 1656 3698 1715 rompunxeruut,

2202 1744 2286 1788 et:
2321 1733 2566 1787 Flumina
2600 1735 2661 1787 de
2690 1749 2858 1788 ventre
2897 1735 3009 1803 ejus
3059 1736 3223 1803 [luent
3274 1753 3420 1804 aqua
3459 1738 3593 1802 vim,
3627 1747 3698 1790 et:

2199 1840 2312 1893 qua:
2338 1841 2426 1877 nec
2455 1825 2631 1876 oculus
2673 1826 2821 1888 uidit,
2870 1841 2959 1878 nec
3003 1826 3149 1878 auris
3180 1826 3398 1890 audiuit,
3433 1844 3517 1880 nec
3557 1828 3605 1879 in
3631 1843 3702 1880 tor

568 1906 792 1961 quaeque
810 1897 1019 1967 jugulat
1051 1912 1102 1956 et
1146 1904 1401 1967 confodit,
1430 1909 1659 1963 maxime
1681 1926 1799 1979 qua:
1822 1888 2101 1981 'evangeli-
2129 1888 2169 1940 Β
2198 1888 2418 1968 [laminis
2445 1916 2801 1982 ascenderunt,
2828 1932 2943 1985 qua:
2966 1919 3281 1986 praeparauit
3313 1917 3444 1972 Deus
3471 1918 3702 1988 diligenti-

569 1991 771 2038 starum
808 1996 861 2040 et
901 1992 1258 2058 apostolorum
1291 1998 1577 2053 auctoritas
1616 2002 2008 2071 promulgavit;
2042 2003 2095 2056 in

567 2073 763 2139 quibus
806 2079 973 2132 multa
1011 2080 1076 2135 de
1118 2080 1290 2138 Veteri
1328 2084 1666 2142 TeSIamcnto
1703 2089 1946 2159 legimus,
1978 2108 2096 2160 quae

2200 2009 2291 2063 bus
2324 2024 2395 2072 se,
2425 2018 2527 2061 etc.

2010 2205 2075 2258 Et
2112 2206 2248 2273 infra
2270 2220 2290 2257 ε

633 2298 699 2353 Ει
724 2305 904 2359 nescio
936 2307 1057 2375 quis
1090 2310 1295 2378 primus
1340 2323 1528 2369 auctor
1560 2314 1900 2387 Septuaginta
1932 2319 2096 2373 cellu-

561 2388 641 2444 las
691 2390 1025 2450 Alexandria’.
1072 2404 1347 2456 mendacio
1391 2419 1491 2458 suo
1527 2410 1864 2470 exstruxerit,
1902 2410 2095 2476 quibus

561 2479 715 2535 divisi
759 2486 941 2538 eadem
975 2489 1359 2558 scriptitarent,
1391 2510 1512 2549 eum
1554 2497 1811 2553 Aristaeus
1857 2500 2094 2567 ejusdem

559 2566 825 2626 Ptolemaei
853 2576 1276 2651 ὑπερασπιστὴς.
1301 2593 1349 2636 et
1383 2585 1552 2639 multo
1581 2596 1700 2654 post
1733 2566 1965 2656 tempore
2003 2588 2095 2642 Jo-

558 2660 779 2728 sephus,
809 2664 941 2716 nihil
981 2668 1084 2720 tale
1125 2671 1438 2726 retulerim:
1489 2676 1578 2728 sed
1630 2675 1681 2728 in
1724 2692 1829 2729 una
1877 2678 2094 2730 basilica

559 2760 931 2820 congregatos,
959 2759 1246 2813 contulisse
1287 2763 1539 2828 scribant,
1571 2779 1676 2818 non
1723 2767 2088 2834 prophetasse.

557 2836 715 2891 Aliud
747 2850 828 2894 est
869 2842 1010 2896 enim
1045 2855 1238 2912 vatem,
1271 2849 1412 2903 aliud
1460 2866 1577 2906 esse
1610 2853 1969 2922 interpretem.
2016 2854 2089 2906 lbi

558 2928 776 2996 spiritus
807 2941 1027 2988 ventura
1056 2939 1325 3005 praedicit;
1361 2941 1446 2995 hic
1470 2942 1699 2998 eruditio
1725 2952 1777 2997 et
1805 2945 2089 2998 verborum

2194 2322 2365 2389 copia,
2396 2334 2457 2374 ea
2482 2335 2601 2389 qua:
2625 2319 2888 2389 intelligit,
2928 2322 3201 2377 transfert.
3230 2324 3341 2381 Nisi
3372 2325 3508 2383 forte
3530 2338 3700 2398 putan-

2196 2410 2295 2464 dus
2321 2419 2404 2464 est
2431 2410 2635 2463 Tullius
2665 2409 3070 2464 (Economicnm
3103 2412 3492 2484 Xenophontis,
3527 2428 3575 2473 et
3605 2419 3706 2473 Pla-

2195 2499 2334 2552 tonis
2378 2496 2741 2566 Protagoram,
2767 2509 2819 2552 et
2854 2498 3234 2557 Demosthenis
3265 2521 3357 2572 pro
3388 2506 3703 2577 Ctesiphonte,

2195 2588 2401 2642 alllatus
2450 2588 2717 2643 rhetorico
2763 2588 2958 2657 spiritu
3018 2593 3378 2649 transtulisse.
3434 2596 3536 2651 Aut
3577 2598 3706 2651 aliter

2194 2678 2257 2731 de
2284 2678 2480 2732 eisdem
2514 2679 2661 2732 libris
2685 2694 2778 2747 per
2811 2678 3183 2752 Septuaginta,
3217 2688 3369 2741 aliter
3391 2702 3483 2756 per
3517 2698 3706 2757 aposto-

2195 2766 2274 2819 los
2305 2764 2533 2833 Spiritus
2561 2775 2778 2819 sanctus
2806 2769 3117 2825 testimonia
3149 2773 3346 2839 texuit;
3378 2785 3434 2827 ut
3471 2773 3602 2844 quod
3643 2771 3707 2826 ibi

2193 2863 2494 2919 tacuerunt,
2531 2854 2584 2907 hi
2611 2856 2870 2924 scriptum
2903 2873 3024 2915 esse
3067 2863 3273 2918 mentiti
3302 2867 3424 2919 sint.

1292 3059 1637 3132 Hieronymus
1678 3063 1997 3132 Prwfatione
2022 3066 2073 3118 in
2099 3064 2285 3117 librum
2305 3061 2482 3125 Iosue,
2505 3061 2602 3114 col.
2631 3060 2756 3122 247,
2782 3070 2912 3117 toni.
2948 3064 2989 3116 Ι.

623 3139 684 3194 Et
715 3151 772 3196 ut
801 3143 855 3198 in
896 3146 1100 3213 primis,
1131 3151 1270 3218 quod
1319 3168 1456 3221 smpe
1500 3163 1724 3210 testatus
1762 3171 1906 3222 sum,
1950 3158 2084 3212 sciat
2109 3165 2149 3219 ί]
2182 3154 2502 3222 delectant),
2542 3163 2598 3207 ut
2632 3169 2730 3222 pro
2784 3155 3098 3212 Graecorum
3143 3160 3439 3225 Ἐξαπλοῖς,
3502 3176 3612 3230 quae
3660 3167 3704 3216 et

554 3243 641 3285 me
686 3248 788 3287 non
825 3235 879 3288 in
918 3238 1381 3305 reprehensionem
1414 3253 1647 3297 veterum
1698 3259 1832 3297 nova
1864 3244 2081 3308 cudere,

553 3317 690 3370 sicut
720 3319 876 3374 amici
914 3325 1015 3376 mei
1065 3324 1453 3381 criminantur:
1498 3331 1589 3383 sed
1634 3346 1729 3399 pro
1765 3332 1901 3384 virili
1940 3340 2096 3399 partes

552 3406 740 3462 offerre
772 3410 962 3480 lingua:
990 3430 1119 3469 mete
1153 3416 1458 3473 hominibus
1492 3420 1646 3489 (quos
1691 3432 1867 3474 tamen
1901 3432 2081 3476 nostra

2187 3255 2399 3312 sumptu
2432 3252 2484 3296 et
2530 3243 2712 3297 labore
2754 3247 2996 3301 maxime
3028 3250 3288 3320 indigent,
3317 3252 3594 3307 editionem
3624 3265 3708 3307 uo-

2191 3342 2354 3388 stratn
2394 3333 2642 3385 habeant.

1723 3566 1734 3577 ,
2041 3515 2173 3569 Ibid‘

620 3592 796 3658 Quare
826 3596 1059 3655 Danielis
1088 3602 1237 3672 juxta
1266 3602 1644 3662 Theodotionis
1675 3610 2074 3694 translationem
2112 3608 2361 3664 Ecclesia:
2389 3615 2763 3677 susceperunt.

1033 3720 1176 3775 Idem
1210 3725 1262 3776 in
1296 3724 1612 3795 Prwfatione
1636 3729 1698 3782 de
1721 3731 1956 3783 omnibus
1979 3731 2127 3784 libris
2162 3729 2357 3782 Veteris
2402 3727 2733 3790 Testamenti,
2759 3744 2819 3796 ι).
2843 3729 2973 3795 317,
3010 3741 3148 3787 tomo
3184 3731 3234 3790 ι.

619 3832 937 3890 Samaritani
985 3842 1141 3893 etiam
1182 3840 1598 3899 Pentatcuehum
1634 3846 1801 3918 Moysi
1854 3850 2073 3904 totidem

548 3917 738 3975 litteris
784 3924 1103 3991 scriptitarit,
1135 3926 1317 3999 figuris
1347 3941 1551 3987 tantum
1583 3943 1636 3989 et
1671 3917 1914 4004 apicibus
1961 3938 2081 3992 dis-

548 4020 843 4078 crepantes.
902 4012 1223 4086 Certumque
1253 4029 1335 4075 est
1367 4021 1584 4076 Esdram
1629 4026 1880 4087 scribam,
1920 4027 2079 4096 legis-

547 4112 649 4164 que
675 4097 967 4164 doctorem,
998 4114 1114 4169 post
1142 4117 1347 4172 captam
1372 4107 1777 4181 Jerosolymam,
1804 4122 1856 4166 et
1882 4114 2081 4166 instau-

544 4186 802 4239 rationem
832 4192 1008 4257 templi
1037 4193 1136 4246 sub
1177 4193 1488 4260 Zorobabel,
1521 4199 1652 4252 alias
1694 4202 1897 4255 litteras
1930 4217 2076 4272 repe-

544 4275 679 4327 risse
702 4276 896 4341 quibus
923 4294 1064 4333 nunc
1090 4282 1308 4345 utimur,
1333 4300 1452 4337 eum
1481 4286 1546 4339 ad
1580 4288 1708 4341 illud
1742 4305 1909 4358 usque
1938 4300 2072 4343 tem-

544 4377 644 4429 pus
679 4360 835 4414 iidcm
867 4362 1325 4421 Samaritanorum
1347 4379 1401 4422 et
1427 4369 1772 4427 Hebraeorum
1803 4376 2074 4428 characte-

2176 3864 2261 3902 res
2286 3847 2501 3901 fuerint.
2533 3848 2591 3899 In
2637 3846 2786 3901 libro
2828 3864 3050 3920 quoque
3095 3850 3595 3909 Numerorumhmc
3630 3865 3709 3905 ea-

2175 3939 2294 3993 dem
2351 3936 2674 4005 supputatio,
2729 3940 2842 3993 sub
2902 3940 3214 4000 Levitarum
3277 3955 3332 4000 et
3396 3944 3708 4001 sacerdotum

2177 4042 2356 4090 sensu,
2384 4026 2606 4096 mystice
2635 4029 2964 4083 ostenditur.
3001 4031 3069 4087 Et
3101 4050 3298 4090 nomen
3327 4035 3533 4090 Domini
3567 4042 3711 4088 tetra.

2176 4125 2508 4185 grammaton
2564 4116 2615 4168 in
2675 4117 3004 4183 quibusdam
3075 4121 3282 4180 Graecis
3340 4124 3706 4187 voluminibus,

2176 4220 2348 4274 usque
2401 4205 2557 4259 hodie
2588 4206 2857 4277 ‘antiquis
2906 4226 3224 4282 expressum
3278 4218 3471 4273 litteris
3525 4214 3711 4271 inveni-

2177 4309 2316 4348 mus.

1349 4464 1495 4519 Idem
1519 4466 1836 4538 Prae/ctione
1865 4471 1919 4523 in
1945 4470 2132 4524 librum
2163 4470 2344 4534 Isaiw,
2373 4471 2472 4526 col.
2502 4472 2635 4536 474,
2667 4484 2797 4529 ιοηι.
2830 4476 2871 4533 ι.

613 4543 681 4601 Ut
705 4549 970 4616 quomodo
996 4550 1162 4605 (ἕτωοί
1195 4563 1314 4622 post
1344 4554 1480 4608 LXX
1504 4556 1894 4623 Translatores,
1922 4561 2076 4628 Aqui-
2105 4565 2147 4618 Ι)
2175 4562 2447 4615 collatione
2506 4577 2692 4617 eorum
2746 4567 3054 4639 intelligant
3082 4590 3095 4625 :
3150 4576 3231 4630 sic
3286 4586 3337 4631 et
3397 4579 3481 4632 isti
3536 4577 3710 4631 saltem

542 4638 645 4691 lam
688 4649 739 4691 et
788 4637 1165 4709 Symmachum
1199 4654 1252 4697 et
1283 4643 1699 4703 Theodotionem
1742 4650 1941 4718 legunt,
1990 4649 2070 4703 vel

542 4728 612 4784 ob
642 4730 876 4785 studium
928 4732 1181 4788 doctrinae
1225 4750 1353 4801 suae,
1387 4738 1469 4792 vel
1510 4751 1567 4792 ut
1610 4738 1748 4792 LXX
1798 4740 1966 4805 magis
2006 4755 2070 4795 ex

2175 4664 2337 4703 unum
2402 4662 2524 4716 post
2578 4651 2790 4720 priores
2848 4657 3404 4735 habere'dignentur
3464 4668 3710 4738 interpres

2175 4750 2299 4793 tem.

1397 4848 1739 4921 Hieronymus
1778 4848 2097 4918 Prwfatione
2118 4852 2173 4903 in
2203 4849 2323 4916 Job,
2348 4851 2446 4905 σοι.
2479 4851 2601 4916 595,
2635 4861 2761 4906 tom.
2798 4854 2841 4912 Ι.

605 4952 779 5024 Cogor
817 4972 909 5024 per
937 4960 1174 5030 singulos
1219 4960 1507 5031 Scriptum
1548 4965 1736 5018 divina:
1760 4964 1926 5016 libros
1972 4964 2065 5015 ad-

537 5047 893 5101 versariorum
938 5053 1258 5119 respondere
1288 5055 1602 5122 maledictis,
1632 5060 1721 5125 qui
1753 5055 2067 5122 interpreta-

539 5133 734 5186 tionem
780 5148 972 5202 meam,
1008 5142 1473 5208 reprehensionem
1519 5144 1860 5214 Septuaginta
1894 5141 2062 5196 luter-

536 5233 740 5292 pretum
775 5224 1123 5282 criminantur
1153 5232 1226 5299 (a)
1251 5251 1263 5285 :
1289 5235 1442 5301 quasi
1473 5251 1574 5288 non
1604 5244 1657 5288 et
1681 5231 1820 5300 apud
1847 5230 2062 5285 Graecos

536 5312 748 5382 Aquila,
783 5312 1153 5383 Symmachus,
1198 5331 1251 5375 et
1282 5304 1595 5390 'l‘heodotio,
1636 5324 1717 5378 vel
1766 5321 1986 5375 verbum
2032 5336 2062 5374 e

535 5402 697 5456 vetbo
738 5403 817 5455 vel
861 5417 1075 5459 sensum
1102 5421 1131 5459 e
1160 5424 1340 5477 sensu,
1372 5415 1451 5468 vel
1487 5431 1552 5470 ex
1589 5423 1814 5481 utroque
1839 5410 2062 5465 commi-

538 5501 698 5549 stum.
749 5501 801 5544 et
852 5493 1021 5548 medie
1071 5503 1413 5562 temperatum
1471 5520 1641 5571 genus
1695 5500 2060 5558 translationis

2168 4963 2542 5031 expresserim,
2590 4971 2644 5016 et
2688 4968 2874 5022 omnia
2920 4967 3133 5030 Veteris
3172 4977 3523 5037 instrumenti
3567 4982 3707 5036 volu-

2168 5052 2309 5105 mina
2332 5050 2587 5120 Origenes
2610 5052 2783 5109 obelis
2809 5061 3203 5134 asteriseisque
3236 5070 3561 5137 distinxerit,
3586 5084 3710 5141 quos

2167 5141 2247 5193 vel
2278 5140 2486 5193 additos
2530 5141 2610 5193 vel
2653 5141 2720 5195 de
2765 5143 3145 5209 Theodotione
3196 5170 3466 5228 sumptos,
3498 5140 3711 5216 transla-

2167 5234 2296 5288 tioni
2326 5234 2557 5302 antiquae
2579 5233 2831 5304 inseruit,
2862 5243 3102 5308 probans
3130 5246 3371 5306 defuisse
3394 5253 3535 5322 quod
3577 5249 3709 5306 addi-

2165 5336 2275 5379 tum
2319 5332 2418 5377 est.
2460 5323 2679 5379 Discant
2723 5326 2891 5397 igitur
2926 5334 3328 5397 obtrectatores
3356 5344 3462 5399 mei
3486 5344 3707 5412 recipere

2166 5414 2217 5466 in
2248 5423 2377 5474 toto,
2403 5416 2542 5484 quod
2570 5417 2620 5469 in
2652 5420 2901 5485 partibus
2926 5440 3308 5501 susceperunt,
3347 5445 3442 5492 aut
3471 5438 3692 5505 interpre

2165 5501 2416 5555 tationem
2449 5518 2618 5558 meam
2671 5521 2794 5561 cum
2826 5515 3105 5574 asteriscis
3135 5524 3253 5579 suis
3297 5528 3499 5583 radere.
3542 5501 3711 5600 Neque

606 5655 681 5721 (α)
719 5654 774 5712 ω
808 5656 1013 5723 repetit,
1060 5658 1209 5714 Auol.
1258 5663 1497 5721 adversus
1534 5669 1680 5736 Ruﬁ,
1724 5670 1814 5722 lib.
1854 5684 1913 5736 it,
1955 5666 2057 5721 col.
2099 5664 2219 5720 429.
