3878 6354
614 386 707 440 Ml

1920 375 2420 433 PRELIMINARIA
3623 384 3701 438 132

612 494 890 566 pmposna
917 502 1018 558 εει,
1056 493 1161 547 illic
1188 493 1430 564 signatur
1486 491 1611 560 quid
1650 490 1786 545 LXX
1825 491 2139 561 luterpretes
2168 501 2210 553 Α
2238 490 2408 546 sancti
2442 489 2830 553 auctoritatem,
2874 488 2995 543 licet
3034 489 3085 542 in
3133 489 3357 545 Hebrzeis
3389 493 3701 553 voluminibus

615 586 912 641 addiderint
944 584 1023 637 vel
1056 584 1125 637 ob
1167 583 1376 638 decoris
1402 584 1645 652 gratiam,
1674 582 1754 635 vel
1795 582 1864 636 ob
1905 581 2135 645 Spiritus

2239 597 2345 635 non
2374 581 2599 651 legatur.

1375 699 1592 753 Hieron.
1622 699 1841 767 Prtefat.
1869 701 1919 752 in
1953 700 2111 753 libros
2145 699 2456 764 Salomonis,
2488 709 2610 754 tam.
2640 700 2680 766 1,
2714 702 2811 755 col.
2846 701 2997 755 1419.

682 819 808 872 Tres
841 819 1004 872 libros
1042 818 1363 881 Salomonis,
1418 818 1466 871 id
1509 827 1589 872 est
1625 816 1927 883 Proverbia,
1962 817 2136 873 Eccle-

609 910 827 974 siasten,
870 909 1145 963 Canticum
1198 911 1547 971 canticorum,
1580 911 1739 963 veteri
1783 909 1921 962 LXX
1971 909 2138 963 lnter-

610 1009 812 1065 pretum
858 1000 1156 1054 auctoritati
1201 1000 1439 1065 reddidi;
1494 1000 1576 1053 vel
1623 1001 1934 1068 antepositis
1983 1000 2136 1055 lineis

612 1105 667 1144 οξ
716 1091 980 1159 supcrllua
1012 1108 1235 1161 qureque
1277 1093 1592 1159 designans;
1641 1092 1722 1145 vel
1769 1093 1935 1146 stellis
1967 1097 2031 1159 >ε<
2074 1093 2140 1145 ti-

2237 821 2348 874 tulo
2392 821 2715 888 prmuotatis,
2745 835 2806 874 ea
2851 835 2967 888 qua:
3009 821 3184 874 minus
3233 821 3547 875 habebantur
3586 823 3715 878 inter-

2241 927 2461 966 serens:
2492 926 2598 980 quo
2636 912 2861 981 plenius,
2909 926 2941 963 ο
2982 909 3144 963 Paula
3184 920 3236 964 et
3279 910 3715 973 Eustochium,co-

2242 1003 2509 1070 gnoscatis
2535 1002 2661 1071 quid
2701 1004 2754 1055 in
2787 1002 2939 1055 libris
2975 1002 3173 1055 nostris
3201 1001 3374 1055 minus
3401 1003 3487 1067 sit,
3515 1003 3628 1070 quid
3651 1018 3717 1057 re-

2242 1091 2458 1146 dundeL

1350 1183 1497 1237 Idem
1528 1184 1749 1252 Prw-fat.
1780 1185 1832 1236 in
1863 1196 2084 1254 quatuor
2111 1185 2411 1255 Evangelia,
2446 1196 2567 1239 tom.
2601 1185 2619 1237 l
2644 1227 2656 1249 ,
2689 1187 2786 1239 col.
2818 1185 2970 1240 1426.

681 1273 794 1329 Non
837 1292 1018 1345 quaero
1055 1278 1183 1346 quid
1229 1278 1438 1347 Aquila,
1480 1278 1605 1347 quid
1651 1277 2002 1349 Symmachus
2044 1295 2134 1334 sa-

611 1365 777 1433 piant,
810 1382 974 1435 quare
999 1367 1328 1423 Theodotion
1358 1370 1492 1422 inter
1521 1385 1685 1423 novos
1707 1378 1758 1422 et
1798 1379 2004 1424 veteres
2030 1385 2142 1423 me—

2239 1281 2359 1334 dius
2384 1281 2608 1334 incedat.
2642 1278 2723 1332 Sit
2748 1281 2835 1332 illa
2863 1294 2987 1333 vera
3015 1278 3398 1347 interpretatio,
3425 1293 3574 1347 quam
3602 1295 3721 1349 apo-

2244 1370 2362 1423 stoli
2401 1370 2561 1438 proba
2570 1377 2772 1422 verunt.

1258 1460 1403 1515 Idem
1431 1462 1655 1531 Prwfat.
1686 1465 1740 1516 in
1769 1463 1957 1517 librum
1990 1463 2234 1517 Hebraic.
2264 1464 2483 1528 Quwst.,
2515 1475 2636 1519 tant.
2677 1462 2737 1529 ll,
2766 1465 2863 1518 col.
2907 1464 3028 1518 505.

675 1546 856 1617 Neque
897 1564 1021 1605 vero
1051 1550 1187 1603 LXX
1218 1550 1587 1618 lnterpretum,
1616 1561 1674 1606 ut
1712 1553 1874 1607 invidi
1914 1554 2130 1617 latrant,
2166 1563 2204 1614 Β
2234 1555 2286 1606 in
2321 1555 2518 1608 nostris
2565 1553 2839 1607 codicibus
2891 1570 2999 1607 non
3041 1554 3324 1608 habentur.
3361 1554 3526 1623 Super
3565 1555 3728 1623 quibus

609 1657 820 1697 errores
870 1646 1147 1715 arguimus
1181 1665 1194 1698 :
1239 1660 1337 1699 nec
1378 1654 1618 1700 nostrum
1660 1645 1893 1699 laborem
1925 1645 2134 1697 illorum

608 1734 1079 1800 reprehensionem
1125 1745 1393 1803 putemus,
1424 1751 1541 1791 cum
1582 1736 1657 1788 illi
1700 1735 1988 1790 Ptolemaeo
2025 1734 2135 1803 regi

609 1822 958 1888 Alexandriae,
992 1825 1213 1894 mystica
1253 1840 1475 1894 quteque
1517 1827 1568 1878 in
1611 1824 1897 1893 Seripturis
1942 1823 2138 1878 sanctis

610 1912 834 1978 prodere
882 1914 1189 1967 noluerint:
1222 1923 1275 1967 et
1318 1914 1546 1968 maxime
1573 1928 1632 1967 ea
1663 1929 1781 1982 qum
1813 1913 2011 1967 Christi
2044 1913 2137 1966 ad-

608 2008 822 2053 ventum
849 2002 1251 2069 pollicebantur,
1285 2018 1350 2056 ne
1394 2003 1696 2055 viderentur
1724 2000 1891 2055 Judaei
1925 2010 1977 2055 et
2007 2002 2138 2054 alte-

605 2102 729 2144 rum
757 2089 921 2143 Deum
952 2092 1124 2146 colere
1151 2108 1164 2143 :
1197 2107 1329 2160 quos
1354 2092 1440 2146 ille
1479 2091 1714 2146 Platonis
1740 2100 1990 2156 sectator,
2020 2106 2137 2144 ma»

610 2180 700 2247 gni
734 2182 933 2235 idcirco
975 2182 1218 2246 faciebat,
1258 2183 1382 2251 quia
1432 2198 1596 2236 unum
1644 2182 1806 2236 Deum
1857 2183 2029 2236 colere
2061 2180 2142 2233 di-

607 2281 874 2327 cerentur.
907 2272 1007 2326 Sed
1058 2282 1110 2327 et
1141 2273 1498 2342 evangelistae,
1541 2281 1593 2325 et
1632 2272 1887 2326 Dominus
1932 2286 2141 2340 quoque

610 2369 793 2413 noster
820 2370 979 2429 atque
1010 2359 1273 2425 Salvator,
1314 2376 1517 2414 necnon
1548 2369 1600 2414 et
1627 2359 1820 2412 Paulus
1845 2360 2139 2427 apostolus,

611 2448 775 2502 multa
802 2449 952 2517 quasi
997 2449 1062 2501 de
1096 2448 1270 2503 Veteri
1317 2447 1656 2503 Ttstamenlo
1687 2446 1975 2516 proferunt,
2025 2461 2143 2514 quae

2237 1644 2291 1697 in
2336 1645 2446 1699 suis
2485 1645 2616 1698 locis
2658 1644 2863 1713 plenius
2907 1645 3255 1698 disseremus.
3291 1642 3365 1696 Ex
3413 1658 3516 1712 quo
3554 1645 3727 1712 perspi-

2235 1748 2392 1787 cuum
2441 1744 2540 1799 est,
2578 1734 2665 1786 illa
2715 1735 2883 1802 magis
2928 1750 3052 1788 vera
3098 1749 3219 1788 esse
3264 1734 3593 1802 exemplaria,
3636 1749 3732 1799 quae

2235 1840 2355 1878 cum
2392 1824 2526 1878 Novi
2568 1824 2890 1880 Testamenti
2924 1827 3245 1880 auctoritate
3287 1825 3617 1879 concordant.
3648 1823 3731 1875 Ac-

2237 1914 2374 1967 cedit
2418 1914 2484 1967 ad
2523 1914 2623 1967 hoc
2652 1929 2866 1982 quoque
2898 1915 3042 1982 quod
3070 1912 3358 1982 Iosephus,
3401 1913 3491 1981 qui
3522 1910 3643 1964 LXX
3669 1911 3735 1963 ln-

2241 2011 2527 2070 terpretum
2561 2003 2708 2071 ponit
2756 2004 3062 2066 historiam,
3090 2004 3331 2071 quinque
3365 2012 3560 2056 tantum
3592 2002 3650 2053 ab
3674 2001 3735 2052 eis

2238 2086 2401 2140 libros
2443 2087 2607 2157 Moysi
2652 2091 2938 2144 translatos
2985 2088 3150 2144 refert
3176 2109 3194 2144 ;
3237 2106 3373 2159 quos
3426 2105 3520 2144 nos
3559 2104 3738 2158 quoque

2239 2175 2550 2229 confitemur
2582 2176 2700 2238 plus
2727 2191 2890 2245 quam
2923 2187 3149 2231 cazteros
3187 2193 3310 2232 cum
3340 2176 3602 2232 Hebraicis
3636 2191 3740 2230 con-

2241 2277 2452 2317 sonare.
2504 2262 2604 2317 Sed
2647 2275 2699 2319 et
2741 2265 2777 2317 ii
2822 2266 2917 2333 qui
2962 2276 3151 2334 postea
3197 2267 3509 2335 interpretes
3554 2266 3736 2318 exstite-

2241 2362 2385 2416 runt,
2418 2352 2661 2421 Aquilam
2687 2354 2902 2423 loquor,
2930 2365 2984 2410 et
3027 2355 3430 2427 Symmachum,
3459 2363 3509 2408 et
3533 2353 3740 2407 Theodo-

2241 2446 2461 2509 tionem,
2494 2447 2645 2517 longe
2672 2446 2826 2501 aliter
2855 2447 3056 2502 habent
3081 2463 3245 2517 quam
3274 2450 3378 2504 nos’
3401 2448 3634 2517 legimus.

1706 2559 1844 2612 Ibid.
1875 2556 1973 2612 Col.
2002 2559 2124 2624 512,
2152 2561 2218 2612 ad
2244 2559 2367 2614 Gen.
2402 2579 2487 2625 XL,
2521 2579 2566 2615 υ.
2601 2563 2684 2616 16.

682 2650 1032 2720 Symmachus
1056 2663 1201 2702 more
1225 2662 1325 2702 suo
1351 2648 1582 2717 apertius
1612 2649 1899 2702 transtulit.

1571 2737 1636 2791 In
1665 2736 1832 2805 Epist.
1858 2740 1925 2790 ad
1956 2737 2262 2803 Damasum,
2298 2749 2420 2792 tant.
2452 2738 2493 2792 ll
2515 2782 2527 2800 ,
2557 2739 2655 2793 col.
2684 2740 2804 2794 567.

684 2831 875 2902 Aquila
908 2845 1135 2899 namque
1155 2831 1246 2900 qui
1276 2844 1380 2885 non
1408 2831 1808 2893 contentiosius,
1839 2840 1895 2884 ut
1927 2832 2139 2899 quidam
2179 2842 2381 2900 putant,
2411 2835 2501 2886 sed
2527 2833 2821 2890 studiosius
2848 2838 3077 2893 verbum
3109 2839 3489 2909 interpretatur
3513 2839 3575 2893 ad
3597 2850 3701 2891 vet-

614 2929 763 2983 bum.

2063 3011 2123 3066 Et
2152 3013 2290 3081 infra
2314 3026 2331 3064 :

682 3110 926 3180 Aquilam
969 3122 1095 3162 vero
1142 3116 1201 3162 ut
1243 3107 1298 3161 in
1334 3107 1559 3173 caeteris,
1588 3115 1642 3162 et
1672 3108 1725 3160 in
1766 3108 1869 3161 hoc
1909 3107 2138 3160 maxime
2173 3107 2289 3161 loco
2310 3106 2522 3175 proprie
2554 3106 2899 3162 transtulisse
2927 3110 3109 3166 omnis
3135 3109 3320 3165 Judzea
3345 3111 3649 3165 conclamat.

1593 3198 1760 3268 Epist.
1791 3200 1858 3252 ad
1884 3199 2216 3268 Evangelum,
2253 3201 2348 3254 col.
2375 3200 2497 3262 574,
2532 3207 2655 3273 tam.
2686 3198 2746 3252 ll.

685 3290 790 3345 Nec
822 3290 1003 3353 refert,
1049 3299 1227 3344 utrum
1272 3288 1447 3345 Salem
1489 3305 1555 3344 an
1606 3289 1770 3344 Salim
1821 3290 2143 3354 nominetur,
2172 3299 2213 3353 ε
2246 3306 2394 3355 num,
2423 3292 2603 3345 eadem
2637 3290 2806 3346 verba
2833 3293 3068 3349 diversis
3108 3296 3260 3351 sonis
3304 3304 3464 3366 atque
3494 3293 3740 3352 accentibu

614 3398 736 3436 cum
762 3382 1036 3435 vocalibus
1057 3381 1111 3433 in
1143 3381 1316 3435 medio
1346 3381 1534 3435 litteris
1560 3396 1776 3449 perraro
1801 3389 2015 3434 utantur
2038 3378 2142 3433 lle-

614 3473 763 3535 braei,
783 3480 836 3525 et
861 3487 954 3540 pro
988 3472 1259 3525 voluntate
1287 3473 1565 3537 lectorum,
1594 3486 1658 3525 ac
1688 3472 1944 3526 varietate
1967 3470 2140 3538 regio-

2244 3380 2596 3452 proferantur.

1459 3564 1698 3634 Ept'stola
1730 3565 1797 3618 ad
1837 3564 2055 3619 Sunium
2088 3572 2136 3616 et
2168 3561 2449 3624 Fretelam,
2484 3570 2608 3612 tom.
2635 3557 2698 3623 ll,
2726 3578 2781 3628 p.
2820 3562 2949 3617 627.

683 3663 739 3715 In
769 3676 877 3731 quo
917 3661 1045 3714 illud
1078 3660 1307 3715 breviter
1347 3661 1644 3724 admoneo,
1674 3670 1734 3714 ut
1768 3659 1947 3713 sciatis
1979 3658 2137 3712 aliam

612 3766 732 3805 esse
777 3751 1059 3804 editionem
1115 3766 1272 3819 quam
1336 3751 1629 3820 Origenes,
1694 3758 1745 3803 et
1797 3747 2139 3803 Caesariensis

611 3839 875 3896 Eusebius
894 3880 907 3903 ,
939 3855 1233 3910 omnesque
1263 3840 1478 3895 Graeciae
1506 3849 1820 3895 tractatores
1855 3840 2055 3908 κοινήν,
2088 3838 2141 3892 id

612 3942 695 3987 est
718 3947 1033 3985 communem
1051 3973 1066 3997 ,
1096 3932 1363 4001 appellant
1386 3940 1546 4000 atque
1570 3930 1832 4000 iulgatam
1851 3971 1865 3993 ,
1892 3938 1945 3983 et
1972 3944 2001 3982 a
2029 3929 2140 3998 ple-

611 4023 793 4091 risque
826 4037 966 4076 nunc
993 4023 1288 4097 Aguxtavéc;
1337 4022 1568 4082 dicitur;
1600 4021 1758 4074 aliam
1808 4018 1946 4072 LXX
1969 4019 2137 4076 luter-

611 4123 851 4180 pretum,
883 4126 1001 4179 qua
1030 4124 1084 4166 et
1117 4112 1171 4165 in
1228 4112 1503 4177 Ἐξαπλοῖς
1545 4110 1818 4165 codicibus
1862 4109 2138 4176 reperitur,

612 4210 663 4254 ct
692 4216 723 4254 a
760 4202 914 4255 nobis
944 4202 995 4254 in
1020 4201 1265 4254 Latinum
1295 4214 1594 4255 sermonem
1616 4198 1840 4251 ﬁdeliter
1862 4212 2014 4250 versa
2038 4204 2137 4259 est,

614 4298 668 4342 et
688 4288 1028 4359 Jerosolymaa
1069 4299 1227 4358 atque
1252 4291 1303 4342 in
1330 4288 1564 4343 Orientis
1597 4285 1848 4341 Eeclesiis
1889 4286 2139 4339 decanta-

611 4387 809 4432 tur.....
841 4380 1006 4448 Κοινὴ
1034 4388 1207 4433 autem
1239 4379 1361 4442 ista,
1394 4379 1496 4432 hoc
1523 4387 1606 4431 est
1630 4374 1928 4431 communis
1951 4373 2134 4439 editio,

2243 3657 2357 3725 ipsa
2382 3662 2463 3709 est
2492 3669 2611 3723 quae
2635 3662 2689 3707 et
2720 3654 2889 3713 LXX.
2936 3657 3043 3713 Sed
3069 3659 3176 3714 hoc
3202 3661 3430 3716 interest
3455 3663 3589 3715 inter
3607 3667 3740 3711 utrau

2242 3762 2364 3815 que,
2398 3745 2540 3814 quod
2569 3745 2721 3815 κοινή
2751 3763 2854 3816 pro
2883 3748 3022 3805 locis
3057 3759 3112 3805 et
3133 3753 3490 3822 temporibus,
3512 3761 3563 3805 et
3582 3764 3671 3821 pro
3695 3762 3740 3799 vc

2241 3834 2442 3887 luntate
2496 3833 2861 3902 scriptorum,
2896 3848 3058 3893 vetus
3102 3850 3365 3911 corrupta
3406 3842 3568 3896 editio
3597 3848 3740 3902 est;t

2243 3931 2418 3977 autem
2445 3936 2563 3991 quae
2592 3922 2827 3979 habetur
2853 3926 2909 3980 in
2946 3928 3260 3997 Ἐξαπλοῖς,
3289 3941 3346 3987 et
3372 3947 3533 4002 quam
3562 3945 3656 3984 nos
3681 3944 3739 3981 ve

2244 4014 2425 4075 timus,
2450 4012 2562 4080 ipsa
2587 4020 2669 4066 est
2699 4029 2826 4084 qua:
2855 4017 2911 4070 in
2934 4021 3286 4076 eruditorum
3317 4024 3474 4078 libris
3503 4024 3738 4088 incorrup

2242 4113 2294 4156 et
2316 4103 2656 4155 immaculata
2684 4102 2831 4157 LXX
2859 4106 3232 4179 lnterpretum
3264 4114 3548 4169 translatio
3576 4125 3740 4166 reserv

2242 4200 2347 4244 tur.
2399 4190 2666 4259 Quidquid
2718 4209 2855 4266 ergo
2903 4199 2974 4254 ab
3018 4203 3126 4257 hac
3173 4204 3489 4274 discrepat,
3536 4202 3660 4257 nulli
3704 4200 3740 4253 dt

2240 4280 2385 4423 hius:
2415 4290 2498 4335 est
2527 4282 2653 4351 quin
2681 4284 2754 4339 ita
2787 4298 2843 4344 et
2868 4289 2938 4344 ab
2967 4289 3327 4351 Hebraeorum
3364 4296 3676 4351 auctoritate
3695 4291 3739 4347 di

2240 4384 2331 4423 cor
2369 4378 2439 4423 et.
2600 4392 2607 4399 κ

2240 4378 2439 4423 cordet.

1480 4486 1695 4542 Hieron.
1725 4487 1881 4557 epist.
1908 4486 1975 4539 ad
2000 4483 2347 4545 Marcellam,
2381 4491 2508 4536 tont.
2537 4482 2602 4549 ll,
2633 4487 2736 4541 col.
2773 4488 2903 4547 707.

680 4578 894 4649 Aquila,
927 4578 1019 4648 Qui
1066 4577 1347 4632 verborum
1394 4575 1735 4632 Hebraeorum
1783 4572 2223 4643 diligentissimus
2253 4571 2541 4639 explicator
2573 4583 2670 4627 est.

1495 4668 1710 4726 Hieron.
1743 4670 1894 4737 epist.
1922 4669 1990 4722 ad
2020 4668 2322 4722 Marcellam
2350 4677 2473 4721 tam.
2502 4667 2566 4732 ll,
2599 4672 2700 4725 col.
2737 4675 2865 4732 711.

681 4762 1051 4827 Theodotion,
1105 4763 1198 4832 qui
1249 4763 1300 4817 in
1348 4764 1552 4818 caeteris
1613 4777 1736 4818 cum
1770 4762 2113 4831 Septuaginta
2151 4760 2586 4816 Translatoribus
2619 4761 2774 4823 facit.

1394 4855 1607 4911 Hieron.
1639 4858 1919 4910 Comment.
1944 4856 1999 4909 in
2034 4854 2398 4918 Ecclesiasten,
2432 4864 2556 4907 tom.
2586 4854 2650 4919 ll,
2688 4861 2795 4916 col.
2832 4862 2958 4921 740.

684 4948 935 5005 Hebraeus
968 4965 1118 5006 meus
1138 4950 1292 5020 cujus
1314 4964 1452 5020 saepe
1479 4950 1618 5006 facio
1650 4948 2135 5015 mentionem,cum
2169 4944 2521 5003 Ecclesiasten
2554 4966 2773 5009 mecum
2801 4958 3033 5029 legeret,
3074 4966 3192 5025 haec
3213 4968 3565 5039 Baracibam,
3592 4986 3739 5045 quem

610 5058 780 5097 unum
804 5043 885 5096 vel
907 5046 1136 5099 maxime
1168 5044 1499 5099 admirantur
1523 5044 1619 5116 (a).

1113 5132 1334 5187 Hieron.
1369 5130 1686 5202 Praefatione
1716 5132 1768 5184 in
1798 5128 2056 5184 Homilias
2094 5127 2329 5198 Origenis
2356 5125 2413 5180 in
2446 5124 2753 5194 Canticum,
2788 5142 2922 5186 tam.
2949 5135 3021 5204 ll,
3054 5143 3164 5196 col.
3200 5144 3296 5201 87,

680 5223 938 5293 Origenes
969 5238 1090 5278 cum
1119 5226 1172 5279 in
1207 5226 1413 5281 caneris
1436 5226 1587 5282 libris
1612 5239 1799 5280 omnes
1828 5223 2052 5288 vicerit,
2078 5223 2134 5275 in
2233 5220 2423 5274 deinde
2450 5217 2699 5289 Aquilam
2749 5234 2805 5280 et
2850 5226 3258 5298 Symmachum
3297 5249 3353 5297 et
3377 5241 3740 5300 Theodmione

609 5314 830 5369 Cantica
871 5313 1197 5368 canticorum
1230 5316 1342 5384 ipse
1369 5332 1427 5372 se
1464 5318 1610 5373 vicit.
1664 5315 1796 5369 Nam
1829 5313 2008 5368 decem
2041 5328 2136 5367 vo-

611 5403 905 5460 luminibus
931 5402 1213 5470 explicitis,
1244 5420 1361 5473 qute
1394 5408 1457 5461 ad
1482 5408 1667 5477 viginti
1693 5419 1863 5473 usque
1886 5418 2136 5457 versuum

613 5493 782 5555 millia
809 5506 941 5561 pene
964 5494 1315 5560 perveniunt;
1350 5497 1578 5564 primum
1614 5495 1754 5550 LXX
1780 5493 2135 5562 lnterpretes;

2234 5319 2287 5407 et
2315 5309 2381 5363 ad
2410 5317 2715 5407 estremum
2744 5314 3016 5381 Quintam
3044 5327 3376 5403 editionem,
3402 5349 3569 5407 quam
3600 5337 3651 5391 in
3673 5335 3740 5388 Ac

2234 5403 2414 5456 littore
2445 5402 2722 5461 invenisse
2751 5423 2813 5463 se
2842 5414 3062 5483 scribit,
3092 5430 3203 5478 etc.

682 5654 752 5729 (ι)
793 5652 865 5710 De
889 5652 1207 5727 Symmacho
1233 5658 1430 5727 passim
1467 5661 1594 5717 dicit
1636 5659 1985 5729 Hieronymus
2017 5657 2193 5727 ipsum
2222 5656 2456 5726 apertius
2486 5664 2540 5715 et
2562 5661 2923 5726 manifestius
2949 5671 3383 5747 interpretatum
3409 5702 3558 5751 esse.
