3878 6378
157 361 295 558 νβ

1490 447 1552 500 ΙΝ
1591 447 1904 503 ΙῙΕΧΑΡΙ.Α
1937 451 2091 507 ORIG
2101 450 2269 508 ENIS.

3345 460 3444 510 ίῦι

257 590 502 696 funeram
1215 562 1431 618 Hieron.
1459 565 1657 618 Comm.
1687 568 1739 618 in
1766 567 1984 630 Isaiam,
2018 580 2139 622 tom.
2170 569 2256 636 ΙΙΙ,
2291 572 2389 625 col.
2421 573 2509 626 24.

553 639 776 690 sermo
811 639 1190 696 “cbraimm
1235 673 1341 696 nnn
1373 659 1522 696 Imlmt
1546 677 1556 688 -
1595 662 1684 696 cml
1720 677 1814 696 m-n
1851 677 1908 696 nn
1941 679 2021 696 nul
2048 662 2232 696 (lu-eumn
2261 665 2429 696 ...ξι-ι-

448 629 502 669 m
553 639 776 690 sermo
811 639 1190 709 Hebraicus
1235 673 1342 711 non
1373 659 1557 720 habet;
1594 662 1684 712 sed
1720 677 1814 728 pro
1851 677 1910 715 ea
1941 679 2021 715 PIII
2048 662 2232 717 Graeco
2261 665 2448 718 utitur.

1099 745 1334 802 Hieron.
1369 749 1564 804 Comm.
1600 751 1649 802 in
1694 749 1847 815 Isai.,
1871 768 1985 821 cap.
2011 769 2122 816 VIII,
2153 763 2275 808 tam.
2306 754 2388 818 III,
2416 756 2514 809 eol.
2548 755 2632 810 79.

284 799 393 919 om
425 804 624 919 AM?“
662 816 956 883 “aurai
986 873 1006 895 ς
1069 837 1198 905 (qui
1243 839 1313 892 ita
1360 838 1631 894 Christum
1683 799 1887 906 reci-,5
1918 799 2010 912 per
2033 799 2272 898 ordinem
2299 799 2536 914 Deiphon
2566 865 2578 899 :
2611 855 2663 900 et
2687 862 2898 901 rursum
2921 848 3115 919 Ioseph
3143 849 3396 907 Galilaeus
3427 871 3441 907 :

283 912 926 1006 muntrubservatioues
959 926 1134 998 legis
1170 935 1370 986 veteris
1400 949 1506 987 non
1555 937 1824 1006 amittant)
1920 942 1971 985 et
1994 947 2161 1000 usque
2192 934 2255 986 ad
2284 912 2639 1001 captivitatem
2666 933 2959 990 Jerusalem
2985 912 3164 992 Iosue.
3208 939 3444 996 Sammai

287 1018 366 1068 duas
386 1003 594 1060 familias
634 1005 1154 1084 interpretantur,
1187 1018 1426 1074 Samntai
1450 1031 1503 1074 et
1528 1020 1677 1075 IIillel
1715 1041 1728 1075 :
1763 1003 1827 1076 ex
1917 1020 2082 1088 igitur
2107 1030 2160 1074 et
2189 1020 2342 1075 Hillel
2367 1037 2470 1075 non
2500 1023 2668 1076 multo
2698 1023 2845 1091 prius
2876 1041 3034 1093 quam
3063 1026 3322 1084 Dominus
3347 1045 3443 1084 na-

293 1097 428 1164 ntibus
454 1096 550 1150 orti
583 1107 716 1151 sunt
742 1097 970 1157 Scriba:
999 1115 1061 1160 et
1112 1107 1408 1175 Pharisaei;
1439 1126 1665 1179 quorum
1696 1127 1824 1168 sus-

1921 1119 2178 1172 sceretur,
2203 1111 2305 1164 orti
2331 1122 2455 1166 sunt
2482 1113 2533 1166 in
2561 1112 2762 1180 Iudaea,
2799 1130 3026 1184 quorum
3048 1119 3194 1186 prior
3226 1120 3446 1189 dissipa-

291 1187 386 1253 cepit
422 1187 638 1242 scholam
687 1189 902 1245 Akibas
929 1231 948 1256 ,
1004 1210 1184 1263 quem
1261 1201 1576 1267 magistrum
1625 1202 1827 1270 Aquila:
1923 1211 2003 1252 tor
2037 1201 2441 1270 interpretatur,
2479 1219 2709 1272 sequens
2739 1208 3019 1276 profanus,
3071 1223 3136 1262 eo
3178 1213 3318 1278 quod
3353 1187 3445 1278 per

291 1279 491 1348 proselyti
517 1287 802 1333 autumant
841 1299 856 1334 :
895 1291 956 1335 et
987 1295 1122 1352 post
1154 1302 1278 1339 eum
1301 1287 1449 1352 Meir,
1485 1288 1570 1341 cui
1603 1304 1819 1344 succes-

259 1368 583 1423 sitlohanan
611 1370 759 1425 tilius
785 1369 999 1426 Zacltai
1043 1393 1058 1406 ο
1097 1385 1155 1430 et
1189 1386 1308 1446 post
1335 1393 1457 1431 eum
1488 1377 1724 1441 Eliezer,
1769 1387 1822 1432 et

1917 1291 2277 1345 .tradititiones
2302 1303 2353 1346 et
2377 1293 2723 1364 δευτερώσεις
2751 1312 2877 1352 suas
2894 1298 3027 1368 legis
3049 1309 3308 1368 praecepta
3336 1300 3446 1355 dis-

1925 1379 2179 1446 sipaverit
2211 1388 2370 1450 atque
2400 1383 2759 1438 maculaverit.
3155 1383 3158 1387 '

1284 1491 1501 1545 IIieron.
1544 1492 1807 1546 Comment
1855 1493 1908 1544 in
1934 1492 2152 1556 Isaiam,
2187 1496 2284 1550 col.
2313 1497 2434 1550 ⁸552.

305 1577 390 1632 De
412 1581 612 1647 Aquila
644 1591 966 1636 autemnon
999 1584 1199 1649 miror,
1223 1587 1363 1653 quod
1393 1587 1552 1640 homo
1579 1586 1827 1639 eruditis-

187 1669 414 1724 simus
447 1671 648 1738 linguae
678 1671 983 1735 Hebraicze,
1022 1685 1079 1727 et
1121 1675 1341 1728 verbum
1373 1676 1438 1729 de
1463 1676 1624 1729 verbo
1649 1676 1825 1743 expri-

191 1774 430 1823 ruens,
470 1761 528 1813 in
563 1761 672 1815 hoc
715 1761 840 1815 loco
885 1771 983 1816 aut
1025 1764 1301 1818 simularit
1335 1766 1688 1834 imperitiam,
1731 1773 1824 1817 aut

1923 1585 2309 1643 Pharismorum
2369 1605 2618 1658 perversa
2671 1594 2999 1661 expositione
3061 1595 3312 1664 deceptus
3354 1598 3445 1662 sit,

1919 1678 2010 1745 qui
2050 1679 2384 1748 interpretari
2420 1683 2622 1748 voluit,
2675 1693 2724 1735 et
2761 1683 2929 1737 Israel
2947 1687 3006 1741 .ei
3036 1688 3444 1756 congregabitur.

1189 1855 1403 1909 Hieron.
1431 1855 1629 1910 Comm.
1663 1858 1714 1908 in
1748 1854 1956 1916 Ezech.,
1985 1864 2108 1909 tom.
2161 1854 2246 1918 III,
2279 1857 2377 1912 col.
2412 1858 2525 1913 716.

301 1945 526 2013 Aquilae
559 1961 693 2000 vero
723 1947 962 2001 secunda
1004 1949 1208 2012 editio,
1235 1963 1394 2018 quam
1434 1948 1637 2003 Hebraei
1679 1949 1824 2001 κατὰ
1859 1949 1883 2001 ἀ

1916 1949 2154 2014 ιρίϐειαν
2228 1950 2536 2014 nominaut,
2581 1953 2847 2004 transtulit
2884 1953 3206 2022 ἠρεμάζων,
3273 1955 3324 2008 id
3367 1961 3448 2010 est

198 2037 538 2100 quiescens,
562 2046 619 2090 et
643 2038 868 2090 seorsim
895 2038 1123 2105 positus.

998 2131 1221 2186 Hieron.
1255 2132 1474 2200 Prtefat.
1499 2133 1554 2185 in
1582 2131 1866 2186 Comment.
1902 2129 2156 2191 Danielis,
2189 2138 2310 2181 tom.
2342 2127 2425 2192 ΙΙΙ,
2457 2130 2556 2182 col.
2581 2131 2733 2182 1075.

305 2222 445 2277 Illud
481 2239 709 2293 quoque
755 2225 1014 2280 lectorem
1063 2225 1362 2290 admoneo,
1410 2225 1677 2279 Danielem
1711 2238 1815 2278 non
1846 2232 1886 2284 Β
1913 2223 2170 2291 quosdam
2219 2238 2402 2275 versus
2449 2222 2619 2303 obelis
2650 2228 2983 2290 praenotavit,
3009 2231 3273 2296 superflua
3305 2245 3450 2298 quae.

215 2313 391 2381 iuxta
426 2312 572 2365 LXX
601 2313 951 2383 lnterpretes,
988 2316 1080 2369 sed
1105 2315 1258 2383 juxta
1285 2314 1704 2368 'l‘lieodotionem
1729 2313 1822 2368 Ec-

225 2403 441 2456 clesias
471 2405 671 2472 legere,
705 2406 803 2473 qui
831 2405 1020 2473 utique
1042 2413 1168 2473 post
1199 2405 1482 2458 adventum
1509 2403 1704 2457 Christi
1735 2405 1818 2456 in-

231 2493 504 2548 credulus
531 2495 635 2546 fuit
673 2513 684 2546 :
726 2495 858 2548 licet
885 2510 1008 2548 eum
1040 2494 1258 2562 quidam
1285 2493 1465 2546 dicunt
1497 2493 1813 2556 Ebionitam,

239 2582 346 2648 qui
381 2583 552 2635 altero
579 2599 788 2653 genere
837 2583 1062 2637 Judaeus
1107 2590 1209 2636 est.
1262 2580 1365 2635 Sed
1393 2590 1443 2635 et
1470 2579 1722 2648 Origenes
1753 2581 1817 2634 de

245 2669 644 2725 Theodotionis
691 2686 861 2740 opere
894 2672 948 2724 in
985 2671 1222 2724 editione
1269 2669 1490 2738 Vulgata
1534 2669 1815 2722 asteriscos

251 2761 458 2826 posuit,
503 2761 708 2814 docens
735 2758 980 2814 defuisse
1002 2773 1122 2827 quae
1151 2756 1330 2810 addita
1357 2763 1502 2819 sunt,
1544 2763 1598 2808 et
1629 2769 1814 2807 rursus

1922 2324 2027 2378 que
2075 2309 2379 2375 designans.
2443 2308 2684 2377 Cumque
2733 2325 2916 2365 omnes
2949 2313 3152 2369 Christi
3203 2316 3451 2373 Ecclesia:

1921 2408 2025 2452 tam
2075 2397 2378 2451 Graecorum
2427 2412 2588 2465 quam
2628 2397 2974 2466 Latinorum,
3012 2400 3371 2473 Syrorumque
3397 2415 3451 2460 et

1921 2489 2292 2558 Egyptiorum
2328 2489 2464 2542 hanc
2508 2490 2608 2542 sub
2657 2491 2925 2543 asteriscis
2957 2500 3008 2544 et
3047 2494 3213 2548 obelis
3255 2498 3448 2551 editio-

1920 2594 2040 2632 nem
2077 2579 2250 2647 legaut
2271 2619 2284 2642 ,
2310 2579 2586 2646 ignoscant
2612 2579 2772 2632 invidi
2804 2579 2972 2634 labori
2999 2597 3149 2646 meo,
3183 2584 3275 2652 qui
3306 2587 3449 2641 volui

1917 2669 2111 2723 habere
2140 2679 2353 2723 nostros
2387 2670 2527 2739 quod
2557 2670 2724 2724 Grmci
2757 2671 2808 2724 in
2835 2671 3040 2742 Aquila:
3062 2683 3114 2728 et
3139 2673 3451 2732 Theodotiu-

1917 2758 2000 2812 nis
2023 2773 2084 2812 ac
2109 2757 2356 2827 Symachi
2382 2760 2703 2814 editionibus
2739 2761 2994 2816 lectitant.

1174 2869 1394 2924 Hieron.
1420 2869 1702 2922 Comment.
1731 2869 1785 2921 in
1810 2868 2013 2923 Daniel.
2047 2886 2158 2937 cap.
2191 2887 2226 2934 t,
2259 2871 2355 2923 col.
2389 2872 2543 2926 1075.

327 2964 475 3030 Quod
508 2980 605 3018 uos
629 2965 788 3032 juxta
818 2964 1113 3019 editionem
1151 2961 1490 3017 Hebraeorum
1517 2977 1635 3030 quae
1673 2963 2116 3029 κατ’ὰκρίϐειαν
2149 2965 2339 3032 legitur
2365 2966 2418 3016 in
2450 2977 2695 3033 tyrannos
2725 2968 2996 3022 vertimus.

1064 3057 1232 3111 Idem.
1264 3057 1548 3111 Comment.
1589 3057 1642 3108 in
1671 3055 1815 3120 Osee,
1845 3072 1957 3126 cap.
1991 3073 2050 3122 It,
2084 3067 2207 3114 tom.
2237 3057 2322 3122 Ill,
2349 3061 2448 3110 col.
2495 3059 2648 3111 1252.

331 3152 517 3220 Aquila
545 3153 787 3222 diligens
812 3160 866 3206 et
895 3152 1152 3206 curiosus
1182 3151 1460 3219 interpres.

1066 3240 1284 3295 Hieron.
1315 3239 1596 3294 Comment.
1629 3243 1678 3294 in
1710 3240 1974 3305 Habacuc,
2006 3248 2132 3292 tom.
2163 3237 2250 3303 ill,
2277 3239 2376 3291 col.
2408 3239 2561 3293 1653.

331 3333 615 3388 Sciendum
643 3344 853 3400 autem,
881 3343 942 3387 ut
970 3349 1136 3403 supra
1167 3335 1418 3398 diximus,
1438 3335 1580 3402 quod
1605 3335 1692 3387 ubi
1720 3351 1811 3404 po-
1837 3341 1878 3398 c
1910 3333 2147 3402 ejusdem
2189 3333 2452 3400 dogmatis
2472 3371 2486 3393 ,
2535 3347 2820 3401 pauperem
2855 3349 3069 3387 sensum
3105 3338 3306 3404 secuti,
3346 3335 3443 3392 Ju-

267 3435 481 3477 suerunt
525 3425 668 3478 LXX
696 3426 898 3494 plurali
929 3440 1182 3488 numero,
1227 3435 1281 3476 ut
1332 3427 1554 3478 salvares
1598 3425 1812 3478 christos

270 3523 413 3577 tuos,
447 3515 517 3567 ibi
564 3529 684 3569 esse
731 3515 785 3567 in
824 3513 1093 3568 Hebraico
1129 3514 1356 3568 LMESL‘A
1398 3531 1499 3567 erit
1545 3530 1811 3577 uessucu,

268 3605 407 3668 quod
440 3604 627 3671 Aquila
657 3605 962 3668 transtulit,
989 3604 1042 3654 in
1069 3603 1289 3654 salutem
1315 3618 1429 3654 cum
1457 3601 1662 3655 Christo
1687 3611 1772 3654 tuo
1795 3619 1813 3654 :

271 3706 375 3744 non
410 3696 546 3762 quod
582 3694 723 3749 Deus
769 3709 1026 3763 egressus
1066 3694 1166 3758 sit,
1197 3703 1255 3746 ut
1286 3695 1515 3747 salvaret
1544 3693 1812 3762 pepulum,

269 3792 320 3833 et
347 3785 570 3838 salvaret
611 3785 894 3840 Christum
946 3799 1135 3846 suum;
1191 3784 1281 3837 sed
1313 3784 1454 3852 quod
1501 3784 1554 3836 in
1589 3784 1810 3837 salutem

271 3874 448 3939 populi
493 3876 689 3929 venerit
729 3890 860 3929 eum
908 3873 1127 3927 Christo
1152 3889 1270 3934 suo.
1300 3874 1452 3942 juxta
1485 3872 1609 3924 illud
1641 3871 1812 3924 Evan-

269 3963 387 4028 gelii
417 3981 429 4015 :
465 3962 618 4017 Pater
650 3967 702 4016 in
733 3980 836 4027 me,
869 3974 917 4016 et
951 3978 1042 4032 ego
1066 3964 1120 4015 in
1152 3961 1347 4025 Patre;
1383 3972 1429 4013 et
1458 3961 1616 4013 Pater
1645 3963 1696 4013 in
1732 3977 1809 4013 me

266 4066 477 4104 manens
522 4055 625 4121 ipse
677 4054 811 4121 facit
849 4067 1007 4120 opera
1056 4069 1172 4106 sua.
1229 4051 1332 4105 Sed
1357 4061 1410 4104 et
1432 4048 1624 4114 Quinta
1650 4050 1810 4104 editio

267 4136 512 4192 similiter
555 4141 834 4194 transtulit
864 4159 878 4194 :
915 4139 1168 4208 Egressus
1199 4157 1251 4194 es
1296 4141 1351 4192 in
1378 4139 1593 4192 salutem
1637 4141 1810 4208 populi

264 4228 342 4276 tui
362 4267 378 4288 ,
412 4230 462 4280 in
492 4232 712 4284 salutem
759 4246 881 4282 cum
926 4229 1133 4282 Christo
1166 4242 1273 4282 tuo.
1315 4229 1609 4283 Theodotio
1636 4239 1808 4282 autem

259 4327 388 4368 vere
413 4319 565 4384 quasi
604 4333 812 4386 pauper
853 4325 908 4370 et
930 4315 1180 4370 Ebionita
1213 4336 1225 4370 :
1264 4317 1355 4370 sed
1385 4325 1438 4370 et
1465 4316 1810 4387 Symmachus

1917 3426 2066 3479 daice
2115 3423 2536 3478 transtulerunt:
2565 3423 2812 3492 Egressus
2853 3441 2903 3477 es
2933 3427 2984 3478 in
3029 3427 3247 3480 salutem
3273 3429 3445 3497 populi

1919 3517 2016 3580 tui,
2044 3524 2098 3566 ut
2128 3513 2352 3566 salvares
2384 3513 2646 3566 Christum
2687 3523 2866 3575 tuum;
2897 3522 2968 3577 et,
3002 3532 3231 3584 egressus
3259 3534 3310 3570 es
3339 3518 3447 3570 sal-

1917 3622 2034 3658 vare
2074 3606 2314 3673 populum
2347 3614 2522 3669 tuum,
2557 3604 2757 3657 salvare
2804 3606 3067 3659 Christum
3111 3618 3272 3662 tuum.
3314 3608 3442 3662 Rem

1918 3695 2282 3749 incredibilem
2312 3693 2552 3748 dicturus
2576 3709 2692 3746 sum
2713 3733 2727 3756 ,
2776 3695 2863 3747 sed
2892 3703 3065 3748 tamen
3100 3711 3298 3750 veram.
3355 3697 3448 3754 Isti

1919 3784 2339 3838 Semichristiani
2387 3782 2604 3835 .Iudaice
2654 3784 3058 3848 transtulerunt,
3117 3793 3170 3838 ct
3233 3785 3447 3841 Iudaeus

1914 3874 2104 3942 Aquila
2131 3874 2509 3940 interpretatus
2537 3881 2618 3924 est
2645 3881 2702 3924 ut
2724 3872 3082 3928 Christianus.
3137 3874 3294 3929 Sexta
3327 3877 3445 3930 edi-

1915 3962 1988 4014 tio
2015 3961 2242 4029 prodens
2273 3959 2707 4013 manifestissime
2732 3974 3121 4014 sacramentum
3143 4003 3157 4026 ,
3188 3965 3258 4016 ita
3289 3963 3446 4017 vertit

1913 4065 1975 4104 ex
2010 4049 2230 4104 Hebraeo
2266 4071 2276 4103 :
2316 4049 2563 4118 Egressus
2591 4066 2642 4101 es
2683 4059 2738 4101 ut
2777 4051 3002 4103 salt'ares
3031 4052 3272 4119 populum
3299 4063 3444 4106 tuum

1911 4155 2000 4207 per
2043 4137 2222 4191 Iesum
2270 4135 2532 4191 Christum
2587 4146 2766 4200 tuum,
2821 4137 2961 4206 quod
3001 4138 3182 4192 Grmce
3225 4141 3442 4204 dicitur,

1913 4228 2129 4299 ἐξῆλθες
2156 4230 2246 4281 τοῦ
2287 4229 2453 4282 σῶσαι
2476 4229 2562 4282 τὸν
2588 4229 2709 4282 λαόν
2744 4246 2831 4281 σου
2858 4229 2943 4282 διὰ
2985 4231 3183 4302 Ἰησοῦν
3217 4232 3443 4303 Χριστόν

1916 4337 2027 4373 σου.

965 4429 1184 4484 Hieron.
1214 4429 1496 4484 Comment.
1532 4433 1582 4483 in
1617 4431 1787 4498 Epist.
1813 4432 1880 4484 ad
1915 4432 2109 4498 Titum,
2143 4443 2268 4488 tom.
2299 4433 2388 4502 IV,
2418 4435 2515 4488 col.
2541 4436 2676 4495 .437.

328 4516 486 4572 Unde
520 4530 571 4573 et
611 4521 769 4574 nobis
798 4533 946 4573 curae
986 4518 1088 4572 fuit
1126 4535 1312 4574 omnes
1357 4521 1550 4573 veteris
1580 4520 1710 4588 legis
1743 4519 1808 4572 li-
1840 4525 1882 4578 D
1909 4531 1963 4576 et
1987 4523 2218 4578 maxime
2266 4524 2318 4576 hi
2362 4524 2453 4592 qui
2494 4525 2634 4593 apud
2675 4523 2923 4582 Hebrmos
2962 4542 3115 4582 versu
3159 4528 3445 4597 compositi

247 4611 425 4677 bros,
470 4633 605 4686 quos
646 4618 730 4670 vir
767 4617 966 4671 doctus
1008 4611 1359 4666 Adamantius
1389 4609 1440 4662 in
1468 4607 1696 4678 I-Iexapla
1728 4609 1810 4662 di—

246 4715 536 4767 gesserat,
565 4709 629 4760 de
657 4704 986 4761 Caesariensi
1021 4699 1340 4756 bibliotheca
1384 4699 1710 4767 descriptos,
1747 4713 1808 4752 ex

251 4789 398 4857 ipsis
447 4797 767 4851 authentieis
801 4793 1122 4854 emendare,
1168 4790 1221 4842 in
1264 4789 1457 4854 quibus
1489 4798 1540 4841 et
1571 4789 1681 4856 ipsa
1710 4785 1812 4841 Ile—

247 4881 410 4936 braea
455 4889 682 4956 propriis
729 4894 860 4942 sunt
903 4879 1311 4938 characteribus
1337 4879 1498 4932 verba
1526 4878 1808 4946 descripta,

255 4981 314 5024 et
347 4973 547 5031 Graecis
577 4978 768 5030 litteris
812 4973 1034 5028 tramite
1078 4983 1329 5037 expressa
1374 4968 1571 5022 vicino.
1621 4967 1812 5036 Aquila

260 5063 428 5116 etiam
459 5077 509 5120 et
538 5067 920 5137 Symmachus,
948 5060 1297 5130 Septuaginta
1323 5073 1532 5126 quoque
1559 5067 1611 5111 et
1636 5057 1812 5110 Theo-

259 5150 418 5205 dotio
463 5170 614 5209 suum
656 5156 905 5208 ordinem
975 5156 1179 5204 tenent.
1217 5145 1460 5198 Nonnulli
1503 5161 1626 5200 vero
1665 5145 1809 5211 libri,

1914 4622 2068 4676 sunt,
2124 4622 2232 4667 tres
2276 4613 2408 4667 alias
2455 4614 2714 4669 editiones
2750 4617 2958 4671 additas
3000 4617 3228 4683 habent;
3281 4633 3441 4686 quam

1913 4699 2160 4765 Quintam
2185 4740 2200 4765 ,
2251 4710 2303 4755 et
2347 4701 2593 4768 Sextum,
2632 4713 2684 4757 et
2723 4702 3012 4772 Septimam
3045 4706 3442 4760 translationem

1911 4799 2134 4854 vocant,
2178 4793 2546 4846 auctoritatem
2595 4794 2711 4848 sine
2743 4795 3050 4848 nominibus
3098 4795 3440 4864 interpretum

1911 4890 2244 4936 consecutas.
2280 4881 2403 4937 Haec
2433 4884 2732 4938 immortale
2759 4885 2887 4936 illud
2917 4884 3184 4953 ingenium
3217 4901 3316 4940 suo
3345 4901 3442 4941 no-

1913 4969 1996 5023 bis
2031 4971 2210 5024 labore
2236 4971 2473 5037 donavit,
2509 4982 2566 5026 ut
2609 4988 2714 5026 non
2744 4988 3064 5040 magnOpere
3097 4975 3444 5041 pertimesca-

1914 5073 2035 5112 mus
2060 5059 2403 5127 supercilium
2439 5059 2742 5114 Judazorum
2763 5098 2779 5122 ,
2811 5059 3000 5121 solutis
3038 5059 3210 5124 labiis,
3240 5073 3292 5115 et
3317 5065 3443 5117 stri-

1916 5147 2070 5200 dente
2096 5149 2281 5214 saliva,
2307 5159 2358 5202 et
2380 5164 2499 5203 rasa
2524 5149 2674 5202 fauce
2699 5148 3059 5217 gaudentium.

1134 5262 1278 5315 Idem
1304 5263 1450 5329 epist.
1475 5262 1542 5314 24
1568 5263 1633 5314 ad
1671 5261 1994 5326 Marcellam,
2029 5272 2152 5317 tom.
2181 5263 2240 5328 II,
2271 5263 2370 5316 col.
2405 5263 2489 5317 61.

340 5351 456 5409 lam
484 5361 673 5425 pridem
708 5377 833 5416 cum
859 5353 1238 5411 voluminibus
1259 5352 1595 5407 Hebraeorum
1617 5353 1808 5408 editio-

274 5454 397 5496 nem
447 5447 641 5516 Aquila:
705 5449 987 5509 confero;
1048 5458 1118 5496 ne
1169 5441 1291 5509 quid
1337 5441 1553 5496 forsitan
1601 5455 1812 5511 prepter

279 5532 453 5587 odium
491 5536 677 5592 Christi
713 5539 1014 5608 Synagoga
1065 5531 1377 5594 mutaverit;
1425 5540 1475 5583 et
1524 5539 1579 5583 ut
1630 5533 1814 5586 amicae

1915 5355 2077 5409 menti
2102 5355 2299 5420 fatear,
2328 5371 2445 5424 qua:
2473 5355 2536 5409 ad
2573 5365 2807 5411 nostram
2838 5357 2990 5412 fidem
3020 5357 3317 5427 pertineant
3351 5368 3442 5410 ro-

1915 5446 2202 5501 borandam
2229 5447 2379 5514 plura
2410 5447 2633 5514 reperio.

1159 5621 1295 5674 Idem
1317 5624 1462 5690 epist.
1494 5623 1579 5689 29,
1613 5627 1683 5678 ad
1719 5626 1962 5688 Paulam,
1990 5637 2112 5678 tom.
2148 5621 2234 5687 IV,
2265 5622 2364 5674 col.
2399 5620 2488 5674 68.

348 5716 595 5783 Quorsum
643 5719 914 5777 Varronis
967 5722 1025 5768 et
1078 5714 1394 5769 Chalcenteri
1437 5717 1626 5771 mentio
1695 5719 1834 5774 facta
1899 5722 1998 5784 sit,
2059 5717 2338 5786 quaeritis?
2387 5713 2641 5774 Vitlelicet
2695 5728 2751 5772 ut
2799 5717 2862 5772 ad
2912 5707 3278 5769 Adamantium
3335 5715 3435 5755 Ωο-
