3878 6400
456 418 555 472 ἓιῦὔ

1771 395 2065 451 ΡΒᾸΕΙᾹΜΙ

2096 391 2278 448 iARlA
3618 376 3711 432 136

446 540 723 598 atrumque
750 530 1159 580 Cua.ccnterum
1189 522 1463 575 veniamus
1492 537 1505 571 :
1537 518 1627 589 qui
1658 527 1803 572 tanto
1835 516 2010 572 studio
2049 515 2101 569 in
2139 521 2441 568 sanctarum
2477 507 2876 576 Scripturarum
2917 502 3121 557 labore
3166 489 3453 563 sudavit,
3490 504 3549 550 ut
3572 495 3704 564 iuste

449 617 744 676 Adamantii
776 630 965 668 nomen
996 614 1278 680 acceperit.

948 718 961 729 ·
1025 671 1169 754 Idem
1199 702 1253 754 in
1278 700 1525 769 Catalogo
1570 699 1894 767 Scriptarum
1926 694 2120 749 Eccles.
2155 689 2216 741 de
2249 684 2487 752 Origene,
2517 689 2640 733 tant.
2666 677 2753 743 iV,
2786 676 2889 730 col.
2933 671 3064 726 116.

519 821 651 887 Quis
689 820 933 887 ignorat,
961 818 1339 887 quod‘tantum
1374 817 1426 870 in
1470 817 1759 886 Seripturis
1791 816 1983 870 divinis
2010 819 2054 876 Α
2083 807 2318 877 ejusdem
2348 800 2609 871 dogmatis
2634 818 2647 851 :
2673 797 2765 866 qui
2795 796 2850 849 in
2885 787 3273 887 Evangelii-tm
3298 777 3527 853 quoque
3548 782 3690 834 κατὰ

447 910 693 966 habuerit
726 909 908 974 studii,
945 917 1003 962 ut
1026 909 1185 962 etiam
1219 907 1491 962 Hebrteam
1528 909 1765 975 linguam
1798 913 1986 959 contra

452 1001 619 1054 attatis
648 1001 925 1069 gentisque
958 1013 1068 1052 suae
1095 1011 1340 1052 naturam
1363 999 1655 1051 edisceret:
1684 1004 1733 1049 et
1759 994 1988 1062 acceptis

453 1089 589 1144 LXX
619 1089 1017 1157 interpretibus,
1052 1088 1185 1141 alias
1206 1102 1416 1156 quoque
1446 1086 1706 1139 editiones
1741 1085 1793 1137 in
1823 1097 1985 1135 unum

453 1181 697 1233 volumen
729 1187 1114 1248 congregaret;
1145 1178 1351 1247 Aquilae
1389 1177 1594 1231 scilicet
1636 1174 1838 1229 Pontici
1870 1188 1991 1241 pro-

453 1270 646 1340 selyti,
699 1278 752 1323 et
810 1268 1194 1323 Theodotionis
1249 1267 1522 1330 Ebionazi,
1583 1274 1637 1319 et
1688 1261 1993 1334 Symmachi

2084 896 2355 952 Ματθαῖον
2397 890 2611 959 scripsit
2635 881 3086 941 Commentarios
3109 916 3124 941 ,
3159 878 3236 930 dc
3270 889 3381 944 quo
3428 882 3487 927 et
3528 887 3691 926 suum

2085 989 2275 1057 dogma
2323 983 2637 1038 conﬁrmare
2685 985 2935 1032 conatur.
2987 972 3288 1026 Praeterea
3320 965 3598 1032 Quintam
3646 970 3701 1015 et

2089 1052 2302 1130 Sevxtam
2327 1083 2379 1128 et
2413 1071 2701 1139 Septimam
2737 1066 3064 1126 editionem,
3099 1072 3258 1129 quas
3292 1056 3465 1111 etiam
3496 1067 3608 1107 nos
3637 1052 3705 1105 de

2087 1166 2205 1234 ejus
2234 1162 2549 1217 bibliOtheca
2582 1157 2872 1217 habemus,
2920 1152 3069 1206 miro
3119 1150 3327 1202 labore
3357 1144 3587 1214 reperit
3607 1182 3623 1205 ,
3658 1150 3714 1196 et

2089 1269 2209 1309 cum
2241 1251 2447 1306 caeteris
2477 1246 2801 1302 editionibus
2830 1239 3212 1310 comparavit.

1245 1382 1461 1435 Hieron.
1492 1382 1640 1449 epist.
1680 1380 1748 1432 55
1774 1378 1839 1429 ad
1879 1370 2287 1431 Pammachium,
2321 1375 2444 1419 tom.
2474 1362 2562 1426 lll,
2590 1361 2688 1413 col.
2726 1359 2815 1412 25.

523 1471 626 1524 Sed
653 1470 781 1539 quid
810 1469 1070 1524 faciemus
1102 1469 1169 1523 ad
1194 1468 1530 1522 authenticos
1563 1468 1750 1529 libros,
1786 1465 1837 1516 in
1872 1461 1991 1530 qui-

455 1563 556 1617 bus
585 1563 695 1616 hac
722 1577 829 1615 non
862 1561 1104 1614 feruntur
1137 1560 1388 1629 ascripta,
1423 1568 1477 1611 et
1509 1566 1699 1610 caetera
1729 1555 1813 1606 his
1846 1550 1994 1605 simi-

456 1651 525 1705 lia
548 1691 563 1713 ,
593 1665 712 1718 qua
750 1653 796 1704 si
826 1649 1063 1718 proferre
1106 1651 1374 1711 nitamur,
1404 1646 1625 1699 inlinitis
1678 1643 1828 1697 libris
1858 1655 1992 1708 opus

456 1738 771 1793 est?Porro
810 1746 1007 1806 quanta
1041 1736 1371 1797 dimiserint,
1408 1734 1487 1787 vel
1519 1731 1757 1787 asterisci
1793 1739 1953 1782 testes
1975 1767 1990 1791 ,

458 1840 515 1889 ut
548 1830 677 1891 dixi,
709 1836 854 1889 sunt,
884 1827 965 1880 vel
996 1836 1177 1879 nostra
1206 1822 1588 1892 interpretatio,
1619 1821 1664 1875 si
1696 1835 1725 1873 a
1753 1819 1991 1888 diligenti

456 1919 657 1972 lectore
687 1915 1019 1970 translationi
1042 1915 1204 1968 veteri
1231 1913 1564 1967 conferatur:
1597 1919 1649 1964 et
1672 1920 1847 1962 tamen
1870 1908 1993 1975 jure

458 2007 596 2061 LXX
642 2009 805 2061 editio
848 2006 1077 2059 obtinuit
1122 2005 1174 2057 in
1208 2004 1498 2067 Eeclesiis,
1541 2002 1621 2053 vel
1652 2000 1777 2068 quia
1822 1998 1991 2066 prima

458 2107 581 2160 est,
616 2106 669 2150 et
697 2106 820 2150 ante
863 2095 1060 2149 Christi
1106 2095 1244 2147 facta
1291 2093 1615 2155 adventum;
1659 2089 1739 2142 vel
1772 2086 1896 2155 quia
1928 2086 1995 2139 ab

458 2187 714 2255 apostolis
744 2186 833 2255 (in
865 2186 1060 2253 quibus
1088 2196 1260 2237 tamen
1288 2182 1355 2267 a.b
1379 2181 1638 2234 Hebraico
1663 2193 1768 2232 non
1798 2178 1997 2231 discre-

458 2276 586 2347 pat)
621 2283 897 2344 usurpata.
929 2275 1122 2343 Aquila
1153 2282 1327 2326 autem
1363 2272 1662 2341 proselytus
1688 2277 1740 2322 et
1771 2276 1993 2322 conten-
2038 2293 2044 2299 -

2094 1459 2261 1510 tiosus
2289 1455 2549 1520 interpres
2570 1489 2584 1511 .
2616 1450 2708 1518 qui
2742 1462 2848 1500 non
2885 1445 3071 1499 solum
3104 1441 3317 1504 verba,
3353 1438 3467 1493 sed
3500 1444 3723 1509 etymoo

2091 1544 2257 1613 logias
2276 1556 2490 1611 quoque
2514 1538 2797 1592 verborum
2826 1532 3139 1588 transferre
3168 1538 3429 1584 conatus
3451 1537 3573 1593 est,
3599 1528 3730 1597 jure

2093 1634 2372 1704 projicitur
2405 1646 2434 1683 a
2466 1629 2641 1683 nobis.
2673 1626 2807 1691 Quis
2839 1624 2985 1678 enim
3018 1638 3128 1692 pro
3168 1622 3474 1690 frumento
3509 1628 3570 1673 et
3608 1619 3731 1671 vino

2092 1734 2147 1779 et
2180 1724 2291 1777 oleo
2332 1723 2533 1791 possit,
2566 1718 2649 1772 vel
2678 1718 2886 1786 legere,
2933 1715 3023 1769 vel
3059 1712 3399 1782 intelligere
3429 1749 3449 1774 ,
3496 1708 3692 1780 χεῦμα
3713 1745 3732 1773 ,

2094 1814 2422 1884 ὀπωρισμδν,
2443 1808 2817 1878 στιλπνότητα,
2840 1806 2986 1875 quod
3007 1819 3123 1857 non
3153 1817 3491 1872 possumus
3514 1802 3729 1865 dicere,

2094 1907 2367 1975 fusionem,
2397 1903 2836 1970 pomationemque
2860 1908 2910 1950 et
2942 1897 3365 1966 splendentiam
3385 1896 3413 1948 ‘i
3439 1897 3566 1949 Aut
3598 1897 3734 1963 quia

2097 1995 2300 2049 Hebraei
2331 2009 2434 2046 non
2465 1992 2637 2046 solum
2667 1989 2864 2042 habent
2890 1987 3096 2058 ἄρθρα,
3128 1986 3232 2040 sed
3265 1992 3326 2040 et
3369 1983 3695 2056 πρόαρθρα
3718 2019 3736 2047 ,

2094 2087 2182 2139 ille
2210 2082 2538 2152 κακοζήλως,
2570 2090 2620 2133 et
2653 2079 2887 2148 syllabas
2925 2079 3354 2144 interpretatur
3384 2088 3451 2130 et
3482 2076 3732 2138 litteras,

2094 2174 2327 2242 dicitque
2365 2174 2458 2225 σὺν
2483 2171 2571 2223 τὸν
2612 2169 2871 2238 οὐρανὸν,
2924 2166 3024 2219 καὶ
3060 2167 3167 2218 σὺν
3215 2165 3329 2236 τὴν
3384 2166 3542 2236 γῆν,
3583 2164 3736 2234 quod

2096 2264 2278 2319 Graeca
2307 2272 2360 2316 et
2392 2261 2577 2314 Latina
2613 2262 2794 2330 lingua
2828 2260 3059 2313 omnino
3088 2273 3211 2312 non
3252 2259 3517 2327 recepit.

1246 2386 1463 2439 Hieron.
1492 2383 1742 2452 Apologia
1765 2381 1966 2438 advers.
2002 2378 2265 2447 Ruﬁnum,
2293 2386 2416 2429 tom.
2450 2374 2539 2439 IV,
2567 2376 2669 2429 col.
2696 2374 2822 2428 565.

547 2506 700 2559 Certe
740 2504 900 2557 etiam
940 2501 1195 2568 Origenes
1236 2499 1572 2568 patriarehen
1622 2496 1882 2557 Huillum,
1922 2495 2012 2563 qui
2042 2506 2082 2561 Β
2109 2493 2501 2563 Octogesimum
2533 2503 2747 2559 quoque
2780 2503 2982 2542 nonum
3009 2488 3357 2556 psalmum‘,
3394 2489 3503 2559 qui
3534 2489 3735 2543 scribi-

463 2596 790 2664 temporibus
819 2593 935 2660 ejus
964 2591 1095 2653 fuit,
1132 2591 1409 2647 nominat;
1457 2598 1509 2641 et
1546 2588 1874 2641 tricesimum
1919 2594 2000 2638 to-

464 2702 610 2739 mum
641 2685 691 2736 in
723 2681 990 2744 Hesaiam,
1018 2681 1071 2732 in
1106 2680 1258 2747 cujus
1292 2680 1392 2732 line
1421 2677 1666 2731 edisserit
1695 2695 1707 2729 :
1750 2676 1838 2729 γω
1865 2675 1994 2736 tibi,

464 2777 648 2829 civitas
679 2771 840 2836 Ariel,
868 2786 1022 2839 quam
1048 2769 1357 2837 expugnavit
1382 2767 1576 2827 David,
1614 2766 1757 2820 illius
1785 2764 1998 2834 exposi-

471 2866 616 2919 tione
663 2863 968 2925 concludit;
1015 2870 1219 2914 etcum
1272 2861 1423 2913 aliter
1466 2859 1614 2928 prius
1662 2858 1894 2928 sensisse
1944 2869 2001 2909 se

466 2957 633 3022 dicat,
661 2956 875 3010 doctum
906 2953 972 3005 ab
999 2952 1089 3005 illo
1117 2951 1170 3004 id
1199 2950 1338 3003 ουοά
1366 2958 1446 3003 est
1472 2949 1669 3012 verius,
1698 2947 1998 3000 conﬁtetur.

2098 2594 2183 2638 tur
2207 2602 2220 2637 :
2247 2582 2429 2637 Oratio
2455 2580 2623 2649 Moysi
2651 2579 2874 2631 hominis
2899 2577 3022 2643 Dei,
3047 2587 3105 2633 et
3128 2579 3415 2648 reliquos
3442 2579 3732 2639 undecim.

2098 2672 2190 2741 qui
2219 2687 2323 2724 non
2354 2669 2551 2722 habent
2581 2667 2799 2729 titulos,
2832 2668 3142 2721 secundum
3175 2665 3292 2720 llui
3312 2669 3376 2722 lli
3410 2669 3730 2737 expositio-

2099 2775 2219 2813 nem
2246 2798 2260 2823 ,
2312 2759 2547 2826 ejusdem
2598 2755 2767 2825 Moysi
2816 2764 3006 2823 putat:
3045 2772 3154 2810 nec
3207 2756 3589 2827 dedignatur
3621 2754 3730 2809 He-

2099 2848 2295 2902 braaam
2341 2846 2669 2913 Scripturam
2707 2845 3112 2912 interpretans,
3162 2860 3280 2915 per
3322 2847 3563 2919 singula
3610 2847 3729 2901 loca

2101 2937 2226 3006 quid
2257 2934 2490 2988 Hebraeis
2519 2934 2761 2987 videatur
2786 2934 3050 2988 inserere.

1392 3060 1536 3115 Idem
1559 3062 1676 3114 adv.
1707 3058 1967 3128 Ruﬁnum,
2001 3056 2041 3112 Ι.
2068 3070 2129 3120 tt,
2164 3062 2287 3104 tom.
2318 3048 2408 3115 ιν,
2442 3049 2540 3101 col.
2564 3048 2687 3102 42⁸5.

538 3181 689 3246 Quod
723 3190 780 3234 ut
810 3180 1056 3234 auderem
1084 3220 1096 3241 ,
1131 3177 1374 3247 Origcnis
1403 3191 1484 3229 me
1539 3174 1770 3228 studium
1806 3185 1999 3240 provo-

468 3275 604 3327 cavit
630 3311 644 3334 ,
683 3272 771 3339 qui
815 3270 1032 3323 editioni
1063 3269 1291 3336 antiquae
1325 3264 1725 3320 translationem
1754 3260 1999 3313 Theodo-

469 3361 632 3414 tionis
677 3359 921 3421 miscuit,
969 3357 1222 3411 asterisco
1266 3359 1330 3422 )t(
1371 3363 1424 3408 et
1462 3352 1692 3406 obelisco
1725 3364 1808 3414 σθ,
1840 3349 2001 3401 idest

471 3450 618 3503 stella
648 3457 700 3503 et
727 3464 854 3501 veru
905 3462 1038 3502 onus
1077 3461 1234 3500 omne
1260 3444 1592 3511 distinguens
1619 3460 1631 3494 :
1662 3440 1786 3492 dum
1819 3447 1909 3491 aut
1937 3437 2002 3488 il-

2100 3167 2369 3219 lucescere
2398 3160 2525 3215 facit
2550 3175 2668 3229 qua:
2699 3160 2879 3214 minus
2906 3170 3034 3215 ante
3068 3161 3324 3220 fuerant
3353 3184 3369 3232 ;
3400 3175 3505 3222 aut
3541 3181 3729 3236 super-

2101 3254 2205 3306 ﬁua
2239 3264 2461 3319 quaeque
2497 3250 2703 3317 jugulat
2743 3258 2797 3302 et
2833 3248 3081 3303 confodit
3113 3269 3128 3304 :
3176 3256 3576 3326 maximeque
3611 3273 3729 3325 qua:

2102 3341 2542 3410 evangelistarum
2574 3349 2627 3392 et
2656 3328 3028 3410 apostolorum
3077 3347 3431 3404 auctoritas
3476 3350 3730 3420 promul-

2102 3432 2260 3502 gavit.

1291 3550 1506 3604 Hieron.
1536 3550 1686 3617 epist.
1714 3546 1802 3609 45,
1833 3546 1898 3597 ad
1927 3541 2249 3602 Marcellam,
2271 3549 2396 3595 tam.
2440 3539 2503 3603 ll,
2532 3539 2634 3595 cel.
2662 3539 2785 3594 559..

514 3669 854 3747 .Ambrosins
878 3708 893 3732 ,
929 3682 1036 3736 quo
1064 3667 1297 3730 chartas,
1315 3674 1597 3733 ‘suniptus,
1623 3661 1859 3716 notarios
1893 3659 1998 3713 mi-
2097 3656 2263 3712 refert
2304 3670 2577 3723 nunquam
2614 3670 2673 3709 sc
2713 3656 2895 3710 cibum
2945 3655 3190 3725 Origene
3262 3676 3564 3733 prasente
3611 3668 3731 3723 sine

470 3759 765 3823 nistrantc,
792 3769 898 3811 tam
928 3757 1342 3811 innumerabiles
1372 3755 1536 3808 libros
1574 3767 1697 3808 vere
1734 3751 2002 3804 Adaman-
2098 3747 2323 3802 lectione
2347 3747 2661 3813 sumpsisse,
2701 3761 2978 3815 nunquam
3015 3749 3236 3807 iniisse
3280 3771 3592 3825 somnum,
3624 3755 3734 3814 nisi

470 3847 581 3900 tius
599 3885 613 3908 ,
645 3855 698 3899 et
724 3845 1106 3899 Chalcenterus
1137 3850 1316 3896 noster
1343 3837 1656 3908 explicavit,
1691 3836 1745 3889 in
1773 3834 2002 3905 quadam

469 3934 693 4003 epistola
717 3973 733 3999 ,
758 3948 916 4001 quam
945 3931 1013 3985 ad
1050 3929 1296 3985 eumdem
1325 3928 1391 3982 de
1429 3925 1651 3981 Athenis
1683 3924 2004 3993 scripserat,

2101 3850 2244 3890 unus
2271 3848 2303 3888 e
2330 3827 2584 3887 fratribus
2617 3835 2787 3888 sacris
2816 3834 3011 3889 litteris
3043 3851 3437 3905 personaret.

1254 4037 1471 4090 Hieron.
1503 4035 1654 4101 epist.
1689 4032 1779 4096 74,
1811 4029 1878 4083 ad
1902 4028 2270 4098 Augustinum,
2303 4034 2429 4076 tam.
2457 4022 2544 4086 IV,
2573 4024 2672 4075 col.
2705 4024 2830 4079 6'26.

539 4164 690 4230 Quod
717 4171 893 4217 autem
920 4161 973 4214 in
1018 4159 1135 4214 aliis
1159 4157 1354 4227 quieris
1399 4154 1638 4224 epistolis
1660 4193 1675 4218 ,
1721 4167 1817 4206 cur
1850 4150 1993 4217 prior
2018 4154 2060 4209 C
2092 4146 2157 4201 Et
2186 4147 2347 4199 miror
2376 4142 2644 4212 quomodo
2676 4142 2818 4195 LXX
2852 4144 3246 4213 Interpretum
3294 4151 3491 4209 libros
3543 4170 3696 4225 ,θεας
3717 4195 3736 4223 .

474 4270 592 4309 mea
649 4254 703 4306 in
764 4251 915 4304 libris
968 4249 1239 4302 canonicis
1301 4243 1662 4312 interpretatio
1719 4240 2001 4293 asteriscos

474 4343 667 4396 habeat
718 4347 772 4392 et
816 4336 1047 4405 virgulas
1095 4341 1457 4402 praenotatas;
1509 4339 1563 4383 et
1611 4336 1791 4398 postea
1842 4326 2000 4379 aliam

484 4427 882 4485 translationem
922 4422 1119 4489 absque
1160 4420 1242 4473 his
1285 4417 1449 4486 signis
1479 4414 1770 4479 ediderim,
1809 4412 2005 4466 videris

472 4518 606 4573 mihi
634 4530 735 4568 non
763 4511 1051 4579 intelligere
1082 4508 1221 4578 quod
1252 4505 1511 4577 quaesisti.
1549 4502 1641 4557 llla
1673 4503 1813 4557 enim
1843 4502 2004 4554 inter-

474 4606 695 4677 pretatio
728 4601 867 4657 LXX
907 4599 1259 4668 lnterpretum
1289 4604 1405 4649 est:
1452 4602 1505 4647 et
1548 4593 1852 4660 ubicunque
1892 4589 2004 4642 vir-

475 4697 642 4765 gula,
672 4695 725 4748 id
767 4700 848 4746 est
878 4688 1052 4754 obeli,
1085 4695 1244 4748 sunt,
1288 4684 1620 4753 signiﬁcatur
1664 4679 1808 4751 quod
1863 4677 2001 4732 LXX

475 4787 594 4852 plus
621 4782 854 4837 dixerint
880 4793 1040 4848 quam
1068 4776 1292 4830 habetur
1322 4774 1376 4827 in
1406 4772 1627 4827 Hebraeo
1656 4788 1672 4838 ;
1704 4770 1794 4824 ubi
1827 4783 2003 4823 autem

478 4875 749 4937 asterisci,
792 4873 843 4926 id
884 4879 966 4926 est
999 4868 1222 4924 stellulaa
1251 4866 1627 4936 praelucentes,
1669 4878 1735 4919 ex
1763 4861 2004 4916 Theodo-

477 4964 636 5016 tionis
689 4962 919 5015 editione
968 4960 1035 5014 ab
1086 4957 1313 5028 Origene
1362 4956 1599 5010 additum
1648 4962 1765 5008 est:
1815 4960 1868 5007 et
1929 4951 2003 5005 ibi

478 5053 660 5108 Graeca
686 5053 1074 5115 transtulimus,
1101 5049 1189 5104 hic
1215 5049 1279 5102 de
1321 5048 1435 5117 ipso
1467 5044 1728 5100 Hebraico
1758 5042 1898 5113 quod
1928 5042 2007 5094 in-

477 5140 842 5208 telligebamus
859 5140 1237 5208 expressimus,
1261 5152 1512 5191 sensuum
1536 5135 1711 5205 potius
1730 5132 2004 5186 veritatem

479 5245 640 5301 quam
687 5228 968 5282 verborum
1003 5231 1245 5284 ordinem
1294 5228 1562 5282 interdum
1605 5230 2002 5280 conservantes.

2104 4251 2211 4290 non
2236 4249 2435 4304 puros,
2464 4242 2523 4286 ut
2558 4233 2626 4287 ab
2662 4235 2742 4287 eis
2794 4233 2924 4286 editi
2966 4245 3119 4298 sunt,
3174 4242 3299 4297 sed
3354 4245 3433 4300 ab
3491 4244 3737 4316 Origene

2105 4324 2434 4385 emendatos,
2466 4322 2577 4376 sive
2603 4331 2887 4390 corruptos
2919 4338 3013 4391 per
3042 4325 3272 4387 obelos
3303 4343 3366 4389 et
3396 4338 3742 4404 asteriscos;

2105 4423 2158 4468 et
2194 4413 2486 4467 Christiani
2524 4411 2760 4465 hominis
2801 4413 3468 4481 interpretatiunculam
3510 4443 3628 4482 non
3661 4444 3747 4483 se.

2106 4503 2309 4575 quaris,
2342 4500 2635 4570 praesertim
2668 4515 2791 4555 cum
2820 4516 2883 4555 ea
2911 4517 3031 4570 qua:
3062 4506 3296 4568 addita
3332 4525 3480 4572 sunt
3499 4560 3519 4586 ,
3549 4534 3621 4575 ex
3651 4520 3748 4575 ho-

2107 4592 2266 4646 minis
2283 4588 2451 4643 Judtei
2474 4597 2633 4656 atque
2649 4588 2945 4656 blasphemi
2960 4599 3090 4658 post
3107 4603 3489 4662 passionem
3508 4610 3749 4673 Chl-isti,

2104 4686 2336 4772 editione
2362 4678 3073 4772 transtulerit.__Vis_amator
3097 4699 3259 4747 esse
3288 4710 3478 4756 verus
3513 4699 3755 4772 Septua-

2105 4776 2248 4845 ginta
2277 4771 2625 4839 Interpretum
2648 4768 2671 4821 ?
2698 4766 2815 4821 Non
2843 4767 2990 4836 legas
3015 4785 3082 4823 ea
3107 4787 3277 4843 qua;
3307 4786 3429 4840 sub
3458 4766 3755 4843 “mi-ﬁscis

2106 4873 2250 4928 sunt,
2284 4864 2392 4915 imo
2428 4862 2550 4913 rade
2579 4860 2644 4913 de
2670 4858 3057 4924 voluminibus,
3092 4873 3177 4918 ut.
3220 4882 3508 4933 veterum
3545 4888 3602 4935 ιε
3632 4880 3756 4935 tau-

2106 4963 2274 5007 mrem
2304 4951 2515 5019 probes.
2558 4948 2711 5015 Quod
2743 4948 2785 5003 si
2829 4946 3021 5003 feceris
3050 4989 3066 5013 ,
3100 4963 3413 5020 omnium
3460 4968 3753 5027 Ecclesia-

2109 5059 2228 5099 rum
2259 5040 2611 5095 bibliothecas
2635 5040 2887 5093 damnare
2914 5042 3177 5109 cogeris.
3243 5050 3359 5110 Vix
3398 5060 3565 5116 enim
3605 5077 3754 5117 unus

2109 5139 2200 5185 aut
2228 5130 2358 5182 alter
2387 5127 2687 5182 invenietur
2718 5127 2850 5181 liber
2875 5128 2969 5197 qui
3000 5129 3105 5186 ista
3143 5150 3287 5196 non
3328 5145 3575 5205 habeat.

1140 5346 1351 5402 Hieron.
1378 5347 1528 5413 epist.
1559 5345 1626 5397 ad
1671 5340 1995 5394 Vincentium
2022 5342 2069 5389 et
2093 5332 2406 5392 Gallienum,
2439 5338 2566 5385 tom.
2592 5330 2684 5397 IV,
2712 5331 2810 5386 col.
2838 5329 2963 5387 805.

548 5479 903 5548 Quamobrem
929 5478 1139 5546 Aquila,
1159 5486 1212 5531 et
1240 5478 1608 5548 Symmachus,
1637 5483 1690 5527 et
1713 5468 2003 5524 Theodotio

472 5567 707 5641 incitati,
737 5566 1002 5618 diversum
1029 5578 1161 5632 pene
1192 5580 1326 5632 opus
1355 5569 1406 5617 in
1432 5566 1614 5619 eodem
1641 5575 1798 5630 opere
1827 5555 2005 5626 prodi-

469 5644 715 5740 :dernnt;
749 5654 853 5708 aiio
891 5655 1091 5708 nitente
1131 5656 1345 5707 verbum
1379 5655 1443 5708 de
1479 5654 1640 5707 verbo
1675 5649 2002 5719 exprimere,

470 5752 591 5819 alio
623 5762 836 5806 sensum
863 5746 1039 5815 potius
1069 5745 1239 5815 sequi,
1276 5745 1432 5799 tertio
1461 5759 1565 5798 non
1596 5742 1819 5797 multum
1849 5752 1878 5791 a
1914 5751 2004 5792 ve-

2105 5463 2305 5518 teribus
2344 5463 2669 5537 discrepare.
2706 5469 2903 5538 Quinta
2945 5481 3128 5528 autem
3178 5487 3242 5533 et
3278 5482 3473 5542 Sexta
3514 5500 3576 5545 et
3630 5488 3731 5546 Se-

2106 5553 2270 5623 ptima
2317 5551 2518 5618 editio,
2568 5558 2696 5616 licet
2745 5562 2942 5632 quibus
2975 5577 3336 5625 censeantur
3374 5580 3726 5635 auctoribus

2108 5645 2380 5714 ignoretur
2405 5684 2419 5708 ,
2456 5655 2638 5707 tamen
2670 5655 2742 5709 ita
2788 5655 3118 5726 probabilem
3164 5661 3268 5714 sui
3320 5664 3728 5727 diversitatem

2111 5740 2287 5788 tenent
2306 5770 2321 5792 .
2351 5741 2411 5786 ut
2439 5743 2820 5802 auctOritatem
2852 5747 2969 5806 sine
2998 5745 3349 5808 nominibus
3388 5761 3741 5818 meruerint.
