3878 6406
565 477 671 533 ’139
1585 469 1992 524 TESTIMONIA
2031 469 2095 522 IN

2137 467 2287 521 VLT.
2331 465 2652 520 INTERPR.
3551 470 3626 525 ηο

1586 640 1593 647 κ
1710 593 1792 643 Ea:
1817 593 1991 645 eodem
2018 590 2288 649 Chronico,
2312 605 2363 656 ρ.
2399 588 2525 645 265.

633 678 784 731 Anno
815 693 862 731 γι
900 676 1195 743 Commodi,
1226 673 1511 729 indictione
1540 695 1633 741 vn,
1661 694 1802 734 coss.
1826 680 2070 733 Marcello
2098 686 2144 739 Α

2101 686 2144 739 Α
2236 680 2322 742 ς’.
2366 676 2477 730 Ἰνδ.
2509 676 2572 738 ζ’.
2620 676 2741 728 ’Υπ.
2782 673 3093 744 Μαρκέλλου
3142 677 3229 728 καὶ
3258 676 3501 730 Αἰλιανοῦ.
3538 680 3632 732 Ἐπὶ

560 782 609 826 et
629 769 856 825 Eliano.
884 765 978 819 His
1006 781 1146 821 coss.
1177 765 1471 822 Theodotio
1494 767 1708 836 quidam
1736 766 1988 822 Ponticus
2005 783 2068 820 ex

2168 765 2274 818 τῶν
2318 766 2678 834 προκειμένων
2722 764 2957 828 ὑπάτων,
2988 764 3268 816 Θεοδοτίων
3310 782 3386 828 τις
3417 765 3501 817 τοῦ
3525 768 3637 821 Πόνε

559 857 887 914 successione
935 854 1215 910 Marcionis
1262 857 1659 921 baeresiarchae,
1710 857 1800 925 qui
1846 865 1899 909 et
1958 856 2069 924 ipse

2169 873 2280 921 του,
2308 855 2413 908 ἀπὸ
2453 856 2550 924 τῆς
2583 856 2827 925 διαδοχῆς
2854 855 3170 925 Μαρκίωνος
3201 854 3289 906 τοῦ
3321 856 3638 927 αἱρεσιάρχου,
3681 918 3688 929 ⁵

556 947 751 1013 Sinope
791 945 1047 998 oriundus
1085 951 1217 1007 erat,
1264 944 1468 1012 ejurata
1508 943 1747 1012 ejusdem
1777 944 1985 1008 haeresi,
2015 944 2067 996 in

2171 944 2261 996 τοῦ
2295 945 2386 997 ἀπ’
2428 944 2591 1014 αὐτῆς
2621 943 2863 1014 Σινώπης
2902 942 3237 1013 ὁρμωμένου,
3275 944 3363 996 καὶ
3397 944 3536 1008 αὐτὸς
3566 964 3642 1015 μη-

551 1035 881 1089 Judaismum
907 1033 1190 1088 declinavit
1219 1051 1234 1098 ;
1269 1048 1497 1102 cumque
1526 1048 1711 1087 eorum
1732 1034 1988 1086 elementa
2018 1043 2069 1086 et

2171 1033 2296 1087 νιῶν
2328 1035 2392 1103 τῇ
2427 1034 2560 1103 αὐτῇ
2588 1033 2811 1104 αἱρέσει,
2840 1034 2929 1085 καὶ¹
2969 1034 3046 1095 είς
3083 1032 3396 1103 Ἰουδαῖσμδν
3417 1035 3643 1099 ἐκκλίνας,

552 1125 786 1194 linguam
818 1123 1108 1188 didicisset,
1131 1123 1398 1193 propriam
1438 1132 1490 1175 et
1520 1124 1631 1190 ipse
1672 1123 2067 1190 interpretatio-

2172 1123 2262 1174 καὶ
2296 1121 2361 1174 τὰ
2403 1122 2576 1174 αὐτῶν
2623 1125 2852 1191 στοιχεῖα
2888 1123 2980 1175 καὶ
3011 1122 3256 1190 γλῶσσαν
3301 1122 3491 1192 μαθὼν,
3532 1124 3645 1188 ἰδίως

551 1228 671 1267 nem
700 1213 882 1277 edidit,
909 1213 963 1265 in
988 1213 1167 1266 multis
1195 1227 1316 1265 cum
1357 1210 1494 1264 LXX
1526 1211 1902 1279 lnterpretibus
1942 1225 2068 1265 con-

2171 1212 2262 1263 καὶ
2287 1212 2442 1274 αὐτὸς
2474 1212 2723 1276 ἐξέδωκεν
2748 1211 2815 1263 τὰ
2838 1211 3061 1263 πλεῖστα
3085 1214 3195 1274 τοῖς
3227 1212 3321 1264 tiB'
3345 1212 3649 1283 ἑρμηνευταίς

551 1301 803 1368 sentiens,
840 1310 900 1355 ut
929 1303 994 1357 de
1025 1302 1118 1356 illo
1150 1300 1309 1356 refert
1331 1300 1657 1369 Epiphanius
1681 1299 1926 1369 Cyprius.

2173 1299 2473 1369 συνᾴδοντα,
2503 1300 2575 1360 ὡς
2597 1300 2685 1351 καὶ
2721 1301 2918 1368 ἱστορεῖ
2954 1300 3081 1371 περὶ
3106 1299 3292 1352 τούτου
3325 1300 3602 1369 Ἐπιφάνιος
3630 1301 3651 1350 ὁ

2171 1386 2428 1456 Κύπριος.

1728 1493 1810 1546 Ea:
1835 1495 2007 1547 eodem
2041 1495 2310 1563 Chronico,
2342 1516 2391 1566 p.
2420 1499 2540 1552 266.

625 1609 995 1666 Αιιιιοδθνετί
1023 1624 1098 1673 rx,
1147 1610 1328 1665 indict.
1364 1624 1475 1674 un,
1516 1624 1655 1665 coss.
1725 1609 1917 1667 Severo
1962 1611 2074 1665 Au-

2240 1614 2311 1665 8’.
2362 1616 2474 1668 Ἰνδ.
2519 1624 2586 1686 η’,
2625 1618 2744 1672 ’Υπη
2785 1620 3021 1690 Σεὸήρου
3070 1619 3370 1686 Αὐγούστου
3416 1619 3471 1671 τὸ
3500 1618 3546 1670 Γ
3583 1620 3655 1671 καὶ

556 1709 712 1771 gusto
727 1698 794 1752 lll
822 1707 875 1752 et
897 1697 1185 1751 Antonino.
1210 1695 1304 1750 His
1330 1697 1673 1765 temporibus,
1713 1696 2063 1768 Symmachus

2182 1704 2509 1759 Ἀντωνίνου.
2576 1708 2660 1759 Ἐν
2722 1708 2925 1770 τούτοις
2979 1710 3223 1779 χρόνοις,
3274 1710 3545 1780 Σύμμαχός
3593 1727 3655 1770 τις

535 1791 763 1860 quidam
795 1788 1178 1853 Samaritanus,
1195 1787 1285 1855 qui
1309 1787 1445 1840 inter
1471 1796 1626 1841 secta-
1653 1803 1762 1842 suae
1778 1789 2066 1857 sapientio-

2171 1792 2502 1863 Σαμαρείτης
2550 1794 2654 1847 τῶν
2703 1797 2828 1865 παρ’
2863 1799 3047 1858 αὐτοῖς
3101 1796 3295 1865 σοφῶν,
3336 1798 3406 1866 μὴ
3449 1795 3655 1866 τιμηθεὶς

451 1881 455 1886 ’
552 1896 635 1935 res
674 1878 1070 1944 numerabatur,
1094 1893 1213 1932 cum
1236 1877 1374 1945 apud
1392 1884 1597 1946 gentem
1624 1892 1775 1930 suam
1804 1877 1858 1930 in
1871 1878 1982 1931 honn

2124 1934 2141 1955 ἱ
2171 1878 2272 1929 ὑπὸ
2301 1878 2392 1931 τοῦ
2432 1880 2552 1932 ἰδίου
2596 1881 2796 1945 ἔθνους,
2830 1885 3062 1955 νοσήσας
3105 1885 3405 1955 φιλαρχίαν,
3436 1886 3522 1938 καὶ
3555 1887 3655 1952 ἁγα-

551 1982 656 2020 ηοη
691 1966 990 2027 haberetur,
1031 1934 1334 2016 ambitionis
1379 1934 1433 2017 ξι
1485 1962 1712 2016 aﬂ‘ectati
1746 1965 2071 2033 principatus

2126 1934 2142 1984 ζ
2169 1968 2435 2036 νακτήσας
2467 1968 2603 2022 κατὰ
2638 1971 2733 2039 τῆς
2756 1934 2904 2033 ⁸⁷ἰδίας

550 2056 738 2110 morbo
753 2055 1028 2117 laborans,
1056 2053 1441 2107 contribulibus
1475 2053 1587 2107 suis
1610 2053 1871 2120 infensus,
1902 2054 2073 2108 adJu-

2167 2053 2350 2116 δαίοις,
2380 2056 2469 2107 καὶ
2496 2057 2895 2127 προσηλυτεύει,
2926 2062 3019 2114 καὶ
3047 2061 3421 2132 περιτέμνεται
3448 2061 3659 2131 δευτέραν

544 2138 692 2200 'dazos
711 2144 974 2213 migravit,
1001 2151 1055 2197 et
1080 2142 1376 2212 proseiytus
1401 2142 1571 2198 factus
1588 2143 1819 2197 secundo
1846 2143 2071 2197 circum-

2172 2149 2476 2217 περιτομήν.
2521 2143 2682 2212 Οὗτος
2720 2146 2813 2203 οὖν
2858 2153 2994 2223 πρὸς
3038 2154 3360 2226 διαστροφὴν
3402 2154 3502 2207 τῶν
3542 2150 3660 2222 παρὰ

550 2236 694 2291 cisus
711 2244 810 2290 est.
839 2234 935 2289 Hic
958 2235 1119 2305 igitur
1140 2242 1199 2288 ut
1214 2232 1666 2288 Samaritanorum
1690 2232 2075 2302 interpretatio-

2169 2234 2519 2304 Σαμαρείταις
2569 2239 2871 2309 ἐρμηνειῶν
2934 2243 3306 2314 ἑρμηνεύσας,
3365 2243 3456 2315 τὴν
3509 2241 3661 2313 τρίτην

551 2341 644 2380 nes
673 2334 946 2390 everteret,
979 2324 1187 2379 tertiam
1208 2323 1373 2377 edidit
1398 2322 1902 2391 interpretationem.
1943 2321 2064 2375 Haec

2166 2323 2417 2385 ἐξέδωκεν
2461 2327 2766 2395 ἑρμηνείαν.
2813 2330 3000 2384 Ταῦτα
3052 2333 3359 2401 Ἐπιφάνιος
3399 2334 3427 2384 ὁ
3462 2330 3664 2399 Κύπριος

550 2414 873 2485 Epiphanius
899 2413 1125 2483 Cyprius
1151 2412 1218 2466 de
1244 2413 1412 2467 tribus
1462 2411 1832 2480 interpretibus
1855 2410 2062 2479 Aquila,

2169 2412 2292 2482 περὶ
2322 2413 2425 2465 τῶν
2467 2416 2626 2484 τριῶν
2661 2418 3049 2489 ὲρμηνευτῶν,
3089 2423 3306 2491 Ἀκύλα,
3349 2421 3440 2476 καὶ
3480 2419 3664 2490 Συμμάν

551 2503 869 2575 Symmacho
890 2511 943 2557 et
969 2501 1330 2556 Theodotione
1352 2500 1608 2555 narravit.

1493 2500 1608 2553 ivit.
2167 2519 2280 2570 χου,
2314 2503 2403 2554 καὶ
2432 2503 2776 2569 Θεοδοτίωνος
2810 2509 3024 2580 ἔθηκεν.

894 2643 975 2696 Ea:
1004 2642 1221 2710 Synopsi
1247 2639 1529 2708 Scriptum
1549 2655 1734 2702 sacrm,
1763 2655 1874 2705 qua:
1904 2639 2038 2691 inter
2062 2641 2415 2694 Athanasiana
2449 2659 2602 2710 opera
2628 2645 2875 2715 habetur,
2906 2659 3033 2704 tom.
3059 2650 3126 2716 II,
3149 2669 3202 2721 p.
3225 2652 3345 2707 105.

617 2765 768 2816 Ποίαι
814 2762 906 2814 καὶ
943 2761 1100 2813 πόσαι
1132 2758 1446 2829 παραδόσεις
1484 2756 1588 2808 εἰσὶ
1621 2755 1714 2824 τῆς
1749 2753 1893 2815 θείας
1925 2753 2160 2823 Γμφῆςο
2206 2755 2313 2807 εἴτε
2354 2752 2442 2808 οὖν
2481 2758 2585 2810 ἀπὸ
2630 2760 2924 2831 Ἐϐραῖκοῦ
2974 2769 3054 2831 είς
3095 2767 3155 2821 τὸ
3202 2766 3495 2839 Ἑλληνικὸν
3535 2766 3675 2837 ep“.

554 2856 701 2915 νεῖαι,
734 2851 826 2904 καὶ
850 2849 988 2909 τίνες
1016 2851 1063 2901 οἱ
1090 2848 1283 2919 ταύτην
1316 2844 1760 2917 ἑρμηνεύσαντες,
1796 2843 1888 2895 καὶ
1921 2840 2064 2894 πότε.

620 2990 742 3046 Haec
787 2998 966 3059 utpote
1001 3003 1067 3042 ex
1113 2987 1408 3058 Epiphanio
1432 2987 1708 3054 desumpta
1747 2992 1799 3037 et
1825 2980 2065 3051 longius-

1323 2987 1408 3041 nio
1432 2987 1708 3054 desumpta
1747 2992 1799 3037 et
1825 2980 2065 3051 longius-
2236 2983 2428 3055 Πρώτη
2453 2984 2615 3049 ἐστὶν,
2645 3003 2700 3041 κ.
2728 3002 2784 3041 τ.
2802 2989 2854 3045 λ.

551 3083 667 3138 cuia
693 3081 1179 3151 praetermittuntur.

1576 3205 1687 3260 Ado
1722 3206 1775 3257 in
1810 3202 2063 3259 Chronico
2089 3202 2151 3255 de
2182 3208 2401 3268 tempore
2423 3198 2664 3253 Adriani.

619 3343 883 3412 Peride
926 3350 1135 3412 tempus
1182 3339 1369 3410 Aquiia
1412 3337 1662 3393 Ponticus
1693 3338 1950 3402 interpres
1987 3331 2249 3389 secundus
2276 3339 2394 3397 post
2423 3328 2782 3388 LXX'oritur.

1647 3448 1793 3502 Idem
1813 3447 1868 3499 in
1892 3444 2165 3508 Chronico,
2186 3443 2277 3497 sub
2303 3444 2601 3499 Commodo.
2635 3455 2638 3458 ’

618 3565 913 3621 τὴεοᾶοιίο
988 3561 1248 3633 Ephesius
1284 3542 1544 3631 interpres
1580 3559 1769 3614 tertius
1806 3556 2063 3627 apparuit.

1504 3675 1653 3731 Idem
1687 3676 1741 3728 in
1765 3674 2038 3737 Chronico,
2070 3671 2136 3725 ad
2162 3669 2401 3724 Severum
2428 3670 2577 3738 imp.,
2610 3685 2666 3738 τι.
2702 3670 2830 3730 τω,

617 3795 966 3869 Symmachus
990 3796 1251 3868 interpres
1276 3804 1497 3869 quartus
1528 3793 1855 3867 agnoscitur.
