3678 6334
81 407 165 461 515
1395 418 1597 474 EXODI
1629 419 1774 474 CAP.
1799 421 2033 476 XXXIX.

82 535 226 589 ματος
251 517 640 588 ἐϐδομήκοντα
667 521 937 580 τάλαντα
964 528 1050 580 καὶ
1081 527 1325 597 δισχίλιοι
1349 531 1440 582 καὶ
1476 545 1664 598 τετρα-

81 610 231 664 κόσιοι
263 608 453 660 σίκλος.
488 609 585 664 50.
620 613 748 666 Kal
776 618 1055 688 _éminaav
1081 617 1140 680 ἐξ
1170 619 1331 671 αὐτοῦ
1362 620 1456 681 τὰς
1489 619 1664 687 βάσεις

78 707 159 774 τῆς
191 705 351 775 θύρας
376 705 478 772 τῆς
524 709 760 778 σκηνῆς
796 713 902 765 τοῦ
949 714 1236 784 μαρτυρίου
1272 718 1337 782 >ε<
1373 715 1463 766 καὶ
1492 713 1551 764 τὸ
1582 712 1670 764 θυο

3201 427 3298 479 514

1762 532 1961 594 altaris,
1989 540 2042 585 et
2069 531 2247 584 omnia
2276 545 2399 585 vasa
2419 532 2621 587 altaris.
2651 535 2735 586 5|.
2767 532 2833 586 Et
2863 533 3029 584 bases
3070 535 3186 588 atrii
3215 541 3281 605 χ

1765 631 1817 674 et
1857 635 2038 674 omnes
2087 622 2309 689 paxillos
2350 621 2720 689 tabernaculi1
2753 635 2804 677 et
2830 637 3026 677 omnes
3068 629 3291 693 paxillos

1769 711 1884 764 atrii
1915 711 1967 764 in
2007 711 2253 764 circuitu.

79 797 450 866 σιαστὴριοντὸ
476 797 792 868 χαλκοῦνζ
829 806 932 856 καὶ
959 804 1017 856 τὸ
1043 805 1332 874 παράθεμα
1376 805 1436 857 τὸ
1472 801 1696 872 χαλκοῦν
1730 800 1820 852 τοῦ
1866 800 2256 871 θυσιαστηρίου,
2300 803 2390 854 καὶ
2450 802 2618 854 πάντα
2663 803 2728 854 τὰ
2781 804 2952 872 σκεύη
3011 805 3291 876 θυσιαστη-

79 893 205 961 ρίου.
233 892 312 945 5|.
347 891 459 944 Kal.
501 891 614 956 τὰς
653 893 872 961 βάσεις
900 899 998 967 τῆς
1028 897 1191 968 αὐλῆς
1236 902 1303 966 )9:
1348 899 1436 950 καὶ
1467 897 1666 956 πάντας
1699 894 1821 954 τοὺς
1852 893 2148 956 πασσάλους
2178 895 2276 963 τῆς
2303 895 2502 964 σκηνῆς
2545 895 2564 960 1
2616 896 2706 948 καὶ
2743 896 2954 955 πάντας
3008 898 3127 959 τοὺς
3153 914 3289 950 πασ-

78 982 252 1044 σάλους
280 983 376 1051 τῆς
410 983 594 1053 αὐλῆς
625 985 872 1056 κύκλῳ.

364 1092 822 1154 ΣΥΜΜΔΧΟΣ.
1688 1099 1762 1145 0'.
2589 1089 2978 1142 ΘΕΟΔΟΤΙΩΝ.

142 1253 190 1307 8.
1285 1259 1337 1310 8.
1367 1259 1553 1326 Νηστεπ

2365 1248 2416 1301 8.

194 1380 208 1393 ·
1281 1349 1366 1401 24.
1403 1347 1552 1400 Κατὰ
1577 1347 1666 1397 τὸν
1693 1344 1884 1396 σίκλον.
2361 1338 2448 1389 24.

134 1431 213 1484 25.
1280 1438 1369 1491 25.
1396 1436 1634 1506 Δρὰχμη.
1669 1435 1899 1495 Ἀλλος,
1918 1430 2218 1500 δίδραχμον.
2357 1427 2443 1480 25.

134 1518 215 1574 29.
1277 1527 1364 1579 29.
1383 1524 1584 1584 Χαλκὸς
1604 1522 1955 1590 ἐϐδομήκοντα
1970 1518 2216 1590 τάλαντα,
2353 1517 2440 1571 29.

1214 1594 1307 1647 καὶ
1347 1591 1599 1661 δισχίλιοι.
1643 1586 1862 1661 Ἄλλοι,
1904 1586 2214 1661 τετρακοσια

1214 1663 1304 1713 καὶ
1333 1655 1686 1728 ἐϐδομήκοντα
1723 1656 1968 1728 τάλαντα,
1998 1655 2088 1705 καὶ
2107 1655 2215 1706 δισο

1213 1729 1384 1797 χίλιοι.
1417 1725 1647 1791 Ἄλλος,
1676 1725 1968 1794 τριακόσια.

352 1832 848 1891 SYMMACHUS.
1383 1833 1518 1887 LXX

1775 1830 2034 1882 ’RETES.
2601 1828 3002 1884 THEODOTIO.

1293 1923 1350 1976 8.
1376 1922 1900 1990 Quaejejunaverant.
2352 1921 2404 1973 8,

1285 2010 1375 2062 24.
1407 2008 1706 2062 Secundum
1735 2005 1941 2059 siclum.
2353 2011 2440 2064 24.

137 1928 184 1980 8.

134 2016 214 2070 21.

137 2108 215 2160 25.

135 2195 216 2250 29.

1286 2100 1374 2152 25.
1405 2099 1684 2152 Drachma.
1715 2097 1798 2148 ΑΙ.
1831 2096 2216 2188 didrachmum.
2356 2097 2444 2149 25.

1285 2196 1374 2251 29.
1427 2195 1522 2250 Es
1595 2193 1920 2262 septuaginta
1977 2185 2211 2255 talenta,
2349 2185 2436 2238 29.

1223 2273 1274 2318 et
1301 2265 1382 2318 bis
1423 2265 1582 2318 mille.
1619 2263 1742 2323 Alii,
1770 2263 2215 2330 quadringentact

1222 2334 1549 2401 septuaginta
1583 2332 1798 2392 talenta,
1840 2339 1892 2382 et
1929 2329 2010 2382 his
2050 2329 2212 2382 mille.

1222 2401 1388 2466 Alius,
1417 2409 1668 2454 trecenta.

896 2487 1074 2546 Notas
1101 2490 1164 2546 et
1194 2487 1379 2548 varias
1405 2485 1700 2547 lectiones
1724 2482 1800 2542 ad
1829 2499 1961 2558 cap.
1993 2479 2320 2545 XXXVIII
2348 2473 2567 2536 Exodi.

135 2585 190 2641 γ,
217 2587 303 2641 2‘.
345 2588 454 2649 Ἃ..
485 2586 647 2642 κατὰ
681 2587 788 2641 τὸν
818 2585 1086 2654 στατῆρα.
1135 2581 1224 2639 Sic
1264 2585 1451 2656 Aquila
1486 2597 1661 2638 vocem

77 2659 385 2740 ’Fg'fl‘il;
415 2657 499 2740 1⁸³⁸
536 2657 888 2740 Basiliensi-
933 2733 969 2740 ,ν
1026 2733 1037 2740 .
1113 2723 1153 2740 ,τ
1203 2721 1271 2740 οη
1321 2724 1377 2740 ..
1409 2725 1468 2740 ..
1551 2720 1553 2723 -

137 2723 192 2778 ν.
219 2725 305 2778 25.
343 2724 636 2779 Hebraico
669 2733 878 2778 autem
929 2733 1079 2779 textu
1113 2723 1171 2777 ν.
1203 2721 1294 2775 26.
1321 2720 1558 2786 Ἄλλος,
1586 2720 1663 2773 δί-

75 2792 307 2861 δραχμον.
340 2809 410 2848 ex
463 2792 818 2848 Basiliensi.
841 2821 917 2833 —
941 2793 1167 2848 Coislin.
1211 2792 1288 2842 Ἀ.
1309 2829 1324 2853 ,
1359 2790 1662 2860 δίδραχμον.

1769 2584 1840 2643 0',
1869 2581 2099 2698 δράχμἾ.
2123 2578 2177 2631 1η
2197 2573 2472 2631 Basiliensi
2489 2573 2794 2650 δίδραχμον,
2815 2569 2970 2624 tacito
2985 2569 3285 2636 interprete-

1831 2648 1893 2698 ν.
1924 2652 2006 2698 ~29.
2041 2648 2205 2698 lasce
2230 2646 2405 2698 varias
2443 2650 2840 2698 supputationes
2877 2637 3081 2698 praefert
3121 2638 3285 2690 codex

1831 2637 2018 2703 V529?
2041 2637 2205 2700 Hasce
2230 2646 2405 2698 varias
2443 2637 2840 2708 supp'uta’tiones
2877 2637 3081 2708 praefert
3121 2638 3285 2708 codex

1763 2716 2089 2770 Basiliensis.
2119 2713 2231 2766 Una
2255 2728 2377 2766 vero
2406 2705 2559 2761 LXX'
2583 2705 2928 2772 Interpretuin
2975 2705 3287 2772 Hexaplaris

1762 2786 1920 2838 editio
1954 2800 2074 2838 cum
2103 2782 2356 2836 Hebraico
2391 2777 2673 2833 consentit.

2749 2786 2918 2829 auerte
2950 2775 3244 2828 dissonant.

1281 2928 1525 2989 CAPUT
1560 2927 1832 2987 XXXIX
1866 2924 2133 2984 EXODI.

1297 3046 1400 3105 Ea:
1453 3043 1588 3104 cod.
1647 3043 1911 3103 Colbert.
1942 3041 2117 3101 308's.

75 3193 147 3244 I0.
184 3194 290 3245 Και
323 3195 667 3263 ουνυφέινθη
699 3197 769 3246 ἐν
809 3192 963 3262 αὐτῷ
994 3208 1052 3248 οι-
1085 3191 1307 3261 ὖφασμα
1337 3188 1613 3242 κατάλιθον
1640 3187 1660 3252 1

73 3281 422 3353 τετράστιχον.
453 3283 654 3336 Λίθων
694 3284 922 3353 στίχος,
955 3282 1165 3352 σάρδιον
1193 3280 1284 3331 καὶ
1306 3278 1553 3340 τοπάζιον
1576 3278 1667 3328 καὶ

76 3371 386 3440 σμάραγδος,
416 3373 447 3422 6
481 3372 689 3440 στίχος
715 3373 753 3424 6
789 3367 898 3432 εἷς.
945 3369 1027 3422 11.
1070 3368 1180 3420 Καὶ
1216 3369 1244 3418 ὁ
1277 3365 1447 3434 στίχος
1483 3365 1511 3416 ὁ
1554 3363 1670 3416 δεύ-

75 3473 231 3525 τερος,
254 3457 487 3528 ἄνθραξ,
522 3459 631 3510 καὶ
663 3457 993 3524 σάπφειρος
1027 3455 1118 3507 καὶ
1145 3452 1353 3513 ἴασπις·
1390 3452 1472 3504 I2.
1508 3450 1614 3502 Kal
1643 3452 1670 3501 6

78 3547 523 3618 πίχοςὸτρίτος,
570 3546 877 3616 λιγύριον,
924 3544 1016 3596 καὶ
1059 3543 1292 3612 ἀχάτης,
1333 3542 1425 3593 καὶ
1468 3538 1668 3608 ἀμέθυ-

79 3649 204 3696 στος.
234 3636 324 3688 15.
374 3636 498 3688 Kal.
523 3637 556 3688 6
595 3635 814 3702 στίχος
858 3633 888 3684 ὀ
926 3632 1211 3701 τέταρτος,
1247 3629 1548 3699 χρυσόλιθος
1582 3627 1672 3678 καὶ

76 3724 286 3793 ὀνύχιον,
307 3724 408 3777 καὶ
445 3723 804 3795 βηρύλλιον,
824 3737 892 3772 πε
901 3717 1299 3789 ρικεκλωσμένα
1320 3717 1410 3768 καὶ
1442 3714 1670 3767 συνδεδε-

81 3813 203 3880 μένα
228 3814 466 3882 χρυσίῳ,
497 3815 565 3865 ἐν
601 3811 694 3880 τῷ
727 3811 949 3880 χρυσίῳ
979 3808 1174 3862 αὐτῶν.
1204 3807 1288 3859 II.
1327 3807 1433 3857 Kal.
1459 3807 1506 3856 οἱ
1539 3804 1672 3854 λίθοι

79 3903 132 3952 ὲκ
156 3900 259 3954 τῶν
292 3902 601 3971 ὀνομάτων
635 3899 764 3952 τῶν
794 3897 926 3950 υἱῶν
967 3896 1182 3967 Ἰσραὴλ
1200 3891 1334 3964 ἦσαν
1353 3932 1367 3955 ,
1391 3891 1588 3945 δώδεκα
1613 3894 1673 3944 ἐκ

79 3989 172 4040 τῶν
197 3991 488 4058 ὀνομάτων
524 3988 760 4052 αὐτῶν,
786 3985 1216 4055 ἐγγεγλυμμένοι
1253 3985 1328 4044 εἰς
1365 3981 1671 4050 σφραγίδας,

78 4077 286 4140 ἕκαστος
323 4079 394 4130 ἐκ
427 4077 529 4130 τοῦ
566 4076 862 4145 ὀνόματος
901 4073 1066 4126 αὑτοῦ
1121 4074 1198 4134 είς
1222 4071 1316 4132 τὰς
1343 4069 1547 4122 δώδεκα
1583 4087 1676 4138 φυ-

79 4165 180 4226 λάς.
207 4167 290 4218 15.
329 4167 450 4218 Καὶ
482 4165 793 4233 ἐποίησαν
816 4163 908 4214 ἐπὶ
934 4162 996 4214 τὸ
1022 4162 1198 4227 λόγιον
1239 4160 1511 4228 κρωσσοὺς
1545 4175 1675 4227 συμ-

82 4254 506 4324 πεπλεγμένους,
547 4254 734 4324 ἔργον
777 4250 1071 4320 ἐμπλοκίου
1096 4287 1111 4312 ,
1155 4250 1218 4300 ἐκ
1253 4248 1468 4317 χρυσίου
1510 4247 1675 4300 καθα-

86 4339 185 4404 ροῦ.
224 4342 308 4392 16.
343 4344 462 4393 Καὶ
507 4341 813 4408 ἐποίησαν
857 4337 948 4389 δύο
989 4336 1308 4397 ἀσπιδίσκας
1349 4338 1550 4406 χρυσᾶς
1587 4338 1676 4390 καὶ

85 4426 165 4480 δύο
190 4429 515 4491 δακτυλίους
542 4427 833 4497 χρυσοῦς,
860 4427 953 4478 καὶ
988 4424 1260 4493 ἐπέθηκαν
1291 4427 1382 4478 ἐπὶ
1421 4428 1544 4488 τοὺς
1589 4426 1678 4479 δύο

88 4513 383 4578 δακτυλίους
415 4531 486 4570 -ί-
530 4517 677 4576 τοὺς
700 4512 948 4582 χρυσοῦς
984 4513 1006 4578 1
1036 4515 1121 4564 ἐπ’
1145 4515 1449 4584 ἀμφοτέρας
1470 4515 1564 4576 τὰς
1585 4515 1679 4584 ἀρ-

93 4603 176 4668 χὰς
214 4603 301 4656 τοῦ
341 4605 600 4672 λογείου.
645 4604 749 4655 I7.
777 4602 886 4653 Καὶ
923 4601 1196 4670 ἐπέθηκαν
1234 4604 1301 4656 τὰ
1336 4604 1596 4672 ἐμπλόκια
1621 4605 1682 4656 ἐκ

95 4693 288 4759 χρυσίου
314 4695 408 4746 ἐπὶ
439 4695 584 4754 τοὺς
615 4689 1082 4751 δύοδακτυλίους
1102 4691 1185 4741 ἐπ’
1217 4692 1534 4761 ἀμφοτέρων
1579 4693 1682 4744 τῶν

101 4776 258 4846 μερῶν
278 4779 372 4832 τοῦ
407 4777 674 4846 λογείου,
713 4778 816 4829 καὶ
840 4779 925 4839 είς
959 4776 1062 4838 τὰς
1090 4777 1180 4828 δύο
1214 4779 1474 4848 συμϐολὰς
1497 4779 1562 4831 τὰ
1593 4779 1684 4832 δύο

101 4864 357 4928 ἑμπλόκια.
375 4867 469 4921 18.
493 4866 620 4918 Καὶ
649 4865 950 4934 ἐπέθηκαν
990 4865 1084 4916 ἐπὶ
1108 4866 1204 4927 τὰς
1229 4866 1321 4918 δύο
1348 4867 1680 4930 ἀσπιδίσκας,

101 4951 184 5000 καὶ
222 4952 410 5024 ἱθηκαν
445 4951 642 5014 αὐτὰς
675 4952 776 5004 ἐπὶ
804 4953 940 5012 τοὺς
979 4951 1159 5020 ὤμους
1193 4954 1288 5022 τῆς
1333 4954 1591 5022 ἐπωμίδος
1627 4953 1685 5016 ἐξ

107 5039 316 5104 ἐναντίας
337 5043 483 5096 κατὰ
514 5041 830 5111 πρόσωπον
853 5038 1057 5093 αὐτοῦ.
1085 5041 1167 5094 19.
1184 5042 1292 5092 Kal.
1318 5041 1568 5111 ἐποίησαν
1595 5042 1685 5095 δύο

103 5123 376 5191 δακτυλίους
401 5127 685 5199 χρυσοῦς,
717 5125 819 5178 καὶ
855 5125 1152 5195 ἐπέθηκαν
1198 5128 1292 5180 ἐπὶ
1337 5130 1400 5181 τὰ
1437 5128 1525 5181 δύο
1556 5147 1682 5182 πτε-

116 5215 251 5279 ρύγια
275 5231 333 5270 σι-
362 5221 450 5270 ἐπ³
478 5217 664 5287 ἄκρου
702 5216 727 5281 1
755 5211 861 5264 τοῦ
896 5211 1145 5280 λογείου,
1181 5217 1274 5268 ἐπὶ
1303 5217 1362 5269 τὸ
1402 5217 1561 5288 ἄκρον
1589 5219 1682 5272 τοῦ

107 5301 319 5356 ὀπισθίαν
351 5305 452 5374 τῆς
491 5301 794 5371 ἐπωμίδος
845 5297 1094 5355 ἔσωθεν.
1141 5306 1252 5356 Καὶ
1301 5307 1548 5370 ἐποίησαν
1589 5307 1682 5358 δύο

121 5388 385 5457 δακτυλίους
407 5392 663 5464 χρυσοῦς,
699 5389 808 5442 καὶ
851 5387 1082 5457 ἔθηκαν
1112 5394 1306 5456 αὐτοὺς
1344 5397 1424 5447 ἐπ’
1455 5397 1683 5464 ἀμφοτέ-

117 5491 215 5542 ρους
235 5483 348 5543 τοὺς
371 5482 552 5550 ὤμους
591 5481 695 5548 τῆς
738 5476 1064 5544 ἐπωμίδος
1115 5482 1352 5536 κάτωθεν
1385 5485 1512 5537 κατὰ
1549 5486 1680 5558 πρός

128 5578 269 5618 cum
297 5569 448 5622 αξ,τοῦ
479 5569 620 5622 κατὰ
647 5566 767 5633 τὴν
804 5578 888 5613 συ
896 5563 1124 5637 μόολὴν
1159 5571 1319 5624 αὑτοῦ
1360 5573 1547 5626 ἄνωθεν
1575 5575 1676 5641 τῆς

120 5659 308 5724 suum];
327 5655 738 5725 τῆςὲπωμίδος.
796 5651 941 5701 Καὶ
987 5659 1337 5727 συνέσφιγξεν
1385 5661 1440 5714 τὸ
1475 5661 1674 5728 λογεῖον

1770 3185 1912 3238 daris
1942 3185 1964 3252 1
1990 3191 2215 3251 quatuor
2240 3173 2504 3235 ordinum.
2535 3178 2790 3248 Lapidum
2813 3177 2972 3241 ordo,
3012 3177 3222 3231 sardius
3237 3186 3292 3231 et

1770 3275 2006 3342 topazius
2041 3282 2096 3325 et
2125 3270 2460 3339 smaragdus,
2499 3270 2630 3324 ordo
2671 3285 2808 3324 unus
2846 3288 2860 3322 :
2905 3268 2991 3322 II.
3031 3267 3096 3322 Et
3159 3269 3293 3320 ordo

1770 3362 2054 3424 secundus,
2081 3359 2433 3414 carbunculus
2467 3366 2519 3412 et
2548 3358 2849 3427 sapphirus,
2877 3357 3116 3425 etjaspis
3146 3374 3159 3409 :
3204 3357 3289 3411 I2.

1770 3443 1982 3503 Et'ordo
2005 3449 2214 3511 tertius,
2231 3447 2479 3515 ligurius,
2503 3454 2556 3500 et
2581 3446 2796 3500 achates
2818 3456 2866 3498 et
2917 3444 3246 3515 amethystus
3277 3462 3291 3496 :

1771 3540 1854 3592 I5.
1872 3540 1937 3592 Et
1957 3538 2084 3590 ordo
2106 3545 2348 3604 quartus,
2390 3535 2746 3604 chrysolithds
2789 3541 2841 3587 et
2883 3533 3203 3601 onychinus,
3243 3541 3298 3586 et

1771 3629 2022 3697 beryllus,
2047 3625 2375 3680 circumtorti
2402 3635 2453 3678 et
2476 3624 2704 3692 colligati
2729 3637 2877 3687 auro,
2908 3623 2959 3674 in
2994 3637 3126 3676 auro
3160 3623 3297 3690 ipso-

1769 3732 1908 3770 rum.
1946 3716 2029 3766 14.
2062 3713 2125 3766 Ει
2165 3713 2362 3780 lapides
2414 3726 2478 3764 ex
2526 3710 2831 3763 nominibus
2859 3709 3089 3762 ﬁliorum
3134 3710 3294 3763 Israel

1770 3814 1939 3867 erant,
1967 3803 2242 3857 duodecim
2264 3816 2328 3854 ex
2358 3798 2660 3853 nominibus
2686 3813 2874 3852 eorum
2901 3815 2913 3850 :
2939 3801 3210 3868 exsculpta
3240 3800 3293 3851 in

1772 3894 1980 3964 sigillis,
2023 3889 2392 3958 unusquisque
2417 3902 2484 3940 ex
2515 3899 2614 3940 suo
2651 3887 2866 3939 nomine
2914 3887 2967 3938 in
3012 3887 3292 3941 duodecim

1771 3983 1959 4036 tribus.
2001 3979 2084 4032 15.
2136 3978 2201 4031 Ει
2233 3975 2467 4031 fecerunt
2514 3989 2674 4043 supra
2721 3973 2976 4027 rationale
3023 3975 3295 4029 catenulas

1772 4069 2132 4138 complicatas,
2159 4080 2293 4134 opus
2314 4063 2756 4132 complicationis,
2781 4077 2847 4116 ex
2872 4077 3006 4116 auro
3026 4078 3178 4131 puro.
3205 4065 3290 4118 16.

1772 4160 1837 4213 Et
1861 4159 2097 4213 fecerunt
2120 4157 2252 4210 duas
2279 4154 2568 4223 aspidiscas
2597 4167 2806 4215 aureas,
2823 4161 2876 4205 et
2900 4153 3035 4208 duos
3064 4154 3292 4208 annulos

1774 4259 1963 4302 aureos
1981 4285 1996 4308 ,
2022 4253 2074 4297 et
2106 4243 2472 4310 imposuerunt
2499 4255 2660 4310 supra
2687 4240 2823 4295 duos
2851 4241 3080 4295 annulos
3107 4254 3170 4296 -ο-
3197 4255 3296 4295 au-

1775 4347 1892 4388 reos
1920 4334 1944 4400 1
1969 4331 2035 4385 ad
2058 4339 2278 4398 utraque
2314 4329 2570 4398 principia
2602 4328 2892 4383 rationalis.
2930 4328 3010 4381 17.
3039 4328 3104 4383 Et
3125 4330 3294 4398 Impo-

1776 4430 1994 4478 suerunt
2019 4419 2448 4488 complicationes
2470 4433 2537 4472 ex
2562 4433 2694 4472 auro
2715 4433 2874 4487 super
2892 4417 3026 4472 duos
3048 4419 3294 4482 annulos,

1780 4527 1936 4581 super
1958 4519 2209 4577 utrasque
2232 4517 2408 4577 partes
2428 4508 2722 4573 rationalis,
2743 4517 2797 4562 et
2813 4508 2868 4561 in
2894 4508 3030 4562 duas
3053 4509 3300 4563 commis-

1780 4616 1931 4656 suras
1953 4600 2085 4653 duas
2103 4597 2549 4665 complicationes.
2566 4598 2647 4652 I8.
2668 4595 2732 4650 Et
2752 4596 3117 4664 imposuerunt
3139 4612 3298 4665 super

1779 4693 1908 4745 duas
1921 4689 2239 4758 aspidiscas,
2263 4696 2315 4741 et
2351 4694 2642 4755 posuerunt
2667 4701 2757 4741 eas
2792 4687 2847 4738 in
2877 4685 3012 4738 duos
3046 4685 3301 4738 humeros

1781 4779 2230 4848 superbumeralis
2275 4793 2339 4830 ex
2369 4777 2592 4832 adverso
2627 4775 2914 4830 secundum
2944 4772 3135 4826 faciem
3159 4773 3298 4841 ejus.

1781 4869 1864 4922 I9.
1898 4869 1959 4923 Et
1995 4869 2230 4923 fecerunt
2259 4867 2392 4921 duos
2435 4867 2661 4920 annulos
2696 4875 2906 4924 aureos,
2936 4868 2989 4912 et
3021 4861 3299 4928 imposue-

1780 4967 1904 5012 runt
1924 4973 2082 5027 super
2107 4959 2240 5011 duas
2261 4958 2374 5010 alas
2403 4969 2462 5010 σι-
2490 4970 2650 5023 super
2690 4949 3048 5006 summitatem
3089 4949 3114 5014 1
3139 4950 3306 5002 ratio-

1781 5048 1935 5110 nalis,
1965 5062 2122 5114 super
2138 5047 2492 5100 summitatem
2509 5042 2653 5097 dorsi
2669 5035 3124 5107 superhumeralis
3141 5037 3306 5098 intus.

1781 5135 1844 5190 Et
1875 5135 2111 5190 fecerunt
2135 5134 2267 5187 duos
2299 5133 2523 5186 annulos
2552 5140 2759 5187 aureos,
2794 5132 2847 5178 et
2873 5134 3177 5191 posuerunt
3216 5140 3314 5180 eos

1780 5229 1846 5281 ad
1887 5236 2141 5294 utrosque
2162 5227 2411 5279 humeros
2443 5212 2900 5288 superbumeralis
2925 5213 2991 5266 ab
3033 5213 3151 5266 imo
3173 5213 3314 5280 ejus,

1781 5317 2068 5370 secundum
2107 5315 2292 5368 faciem
2314 5311 2449 5378 ejus,
2472 5310 2538 5362 ad
2567 5305 2982 5363 commissuram
3010 5301 3141 5368 ejus
3169 5303 3321 5354 desu-

1779 5420 1873 5473 per
1911 5413 2228 5459 contexturae
2259 5397 2728 5466 superhumeralis.
2772 5391 2842 5445 Et
2881 5389 3213 5444 constrinxit
3241 5401 3328 5438 ra-

1781 5493 1970 5546 tionale
1998 5492 2064 5544 ab
2093 5488 2322 5548 annulis,
2342 5484 2434 5551 qui
2469 5499 2628 5554 super
2651 5485 2861 5554 ipsum,
2886 5479 2939 5531 in
2971 5473 3214 5557 annulos
3239 5485 3332 5523 su-

1779 5576 2159 5645 perhumeralis
2188 5572 2518 5630 continentes
2549 5588 2612 5626 ex
2650 5564 2951 5638 hyacintho
2974 5561 3338 5645 οοηιᾼριιαθῑοε

1781 5669 1845 5722 ad
1880 5676 2236 5723 contexturam
2265 5662 2735 5729 superbumeralis,
2772 5666 2834 5708 ut
2875 5665 2979 5704 non
3005 5643 3223 5698 annuat
3257 5649 3345 5686 ra-
