3678 6316
159 355 282 415 525

1541 365 1829 421 LEVlTICl
1860 366 2006 421 CAP.
2040 366 2081 419 1.

3269 366 3371 420 520

1460 482 1704 542 CAPUT
1727 483 1753 541 ι
1779 479 2139 541 LEVITICI.

1420 605 1522 665 Ex
1550 604 1681 666 cod.
1714 605 1976 666 Colberl.
2007 603 2180 665 308's.

184 698 457 771 τῷΚυρίῳ
487 700 512 765 ζ
540 701 656 753 ἀπό
690 719 754 754 τε
799 702 905 755 τῶν
943 705 1157 774 ἀρνῶν,
1192 704 1286 758 xal
1313 706 1416 759 τῶν
1442 708 1639 776 ἐρίφων
1671 709 1748 770 εἰς

1850 708 1913 761 de
1944 706 2112 774 agnis,
2160 713 2213 758 et
2245 702 2309 757 de
2346 702 2511 756 haedis
2556 702 2609 755 in
2655 702 3037 766 holocaustum,
3076 699 3376 755 masculum

190 788 556 859 ὁλοκαύτωμα,
594 790 770 861 ἄρσεν
815 794 1043 863 ἄμωμον
1081 797 1333 866 προσάξει
1379 797 1524 849 αὑτό.
1568 797 1650 849 11.
1684 812 1743 852 +

1861 795 2249 848 immaculatum
2281 792 2505 845 adducet
2536 789 2685 852 illud,
2710 791 2793 843 ll.
2828 805 2887 845 -ε-
2919 789 2982 842 Ει
3002 790 3235 858 imponet
3256 803 3373 842 ma-

191 880 301 933 Καὶ
328 880 575 951 ἐπιθήσει
609 882 712 953 τὴν
739 887 898 954 χεῖρα
924 886 1015 936 ἐπὶ
1041 886 1139 956 τὴν
1165 886 1399 955 κεφαλὴν
1421 886 1577 939 αὑτοῦ
1599 887 1621 953 ζ
1656 887 1747 939 καὶ

190 969 475 1037 σφάξουσιν
520 971 657 1024 αὐτὸ
708 973 775 1025 ἐκ
810 974 1054 1041 πλαγίων
1085 975 1175 1027 τοῦ
1218 974 1590 1045 θυσιαστηρίου
1617 974 1747 1045 πρὸς

185 1058 385 1129 βορρᾶν
409 1059 595 1113 ἔναντι
622 1062 859 1132 Κυρίου,
893 1065 987 1115 καὶ
1011 1065 1358 1133 πῳσχεοῦσιν
1386 1067 1432 1116 οἱ
1480 1065 1582 1115 υἱοὶ
1628 1066 1748 1117 Ἀα-

186 1148 293 1218 ρὼν
321 1152 372 1201 οί
424 1151 597 1220 ἱερεῖς
652 1152 717 1203 τὸ
765 1147 903 1221 αἷμα
935 1153 1117 1216 αὐτοῦ,
1154 1154 1241 1205 ἐπὶ
1284 1153 1343 1205 τὸ
1380 1154 1747 1221 θυσιαστήριον

179 1237 382 1307 κύκλῳ.
419 1240 515 1291 12.
547 1240 665 1292 Kal
691 1240 953 1294 διελοῦσιν
981 1240 1111 1293 αὐτὸ
1140 1243 1275 1293 κατὰ
1299 1242 1426 1311 μέλη
1448 1245 1512 1309 >ε<
1536 1241 1694 1293 αὑτοῦ
1722 1241 1743 1307 ζ

178 1328 273 1379 καὶ
291 1329 397 1397 τὴν
424 1328 681 1399 κεφαλὴ)
710 1333 778 1396 ᾖ(
814 1330 973 1383 αὐτοῦ
1007 1330 1027 1397 ζ
1065 1331 1236 1383 καὶτὸ
1269 1331 1446 1400 στέαρ.
1499 1332 1603 1382 Kal
1631 1333 1748 1382 ἐπι-

176 1417 574 1470 στοισάσουσιν
596 1419 650 1470 οἱ
688 1420 853 1489 ἱερεῖς
886 1421 1019 1472 αὐτὰ
1056 1421 1145 1471 ἐπὶ
1179 1420 1242 1472 τὰ
1271 1419 1400 1485 ξύλα
1439 1421 1505 1471 τὰ
1538 1420 1627 1471 ἐπὶ
1657 1419 1747 1471 τοῦ

173 1506 368 1576 πυρὸς,
407 1506 483 1558 τὰ
519 1507 617 1558 ἐπὶ
639 1507 732 1559 τοῦ
763 1507 1160 1577 θυσιαστηρίου.
1200 1509 1279 1561 15.
1301 1509 1407 1559 Kal
1429 1508 1494 1559 τὰ
1517 1507 1754 1574 ἐγκοίλια

170 1596 262 1648 καὶ
295 1597 436 1656 τοὺς
462 1596 642 1657 πόδας
661 1595 949 1649 πλυνοῦσιν
972 1597 1139 1650 ὕδατι.
1175 1597 1283 1650 Kal
1324 1596 1591 1667 προσοίσει
1614 1599 1641 1649 ὁ
1674 1599 1750 1648 ἱει-

169 1684 297 1754 ρεὺς
350 1684 430 1736 τὰ
464 1684 675 1747 πάντα,
727 1685 823 1737 καὶ
851 1686 1096 1755 ἐπιθήσει
1144 1688 1234 1739 ἐπὶ
1262 1686 1319 1738 τὸ
1359 1686 1743 1755 θυσιαστήριον.

165 1773 485 1845 Κάρπωμά
519 1776 670 1826 ἐστιν
694 1773 874 1837 θυσία,
897 1776 1039 1845 ὀσμὴ
1076 1776 1293 1838 εὐωδίας
1311 1776 1514 1845 Κυρίῳ.

231 1869 326 1921 14.
348 1869 495 1921 Ἐὰν
510 1866 569 1920 δὲ
581 1868 690 1920 ἀπὸ
704 1869 811 1921 τῶν
828 1867 1073 1938 πετηνῶν
1086 1870 1357 1938 κάρπωμα
1372 1867 1645 1938 προσφέρῃ
1659 1866 1751 1919 δῶ.

159 1975 249 2030 ρον
266 1957 465 2012 αὐτοῦ
484 1957 567 2027 τῷ
588 1959 796 2029 Κυρίῳ,
816 1959 911 2011 καὶ
927 1959 1202 2027 προσοίσει
1219 1958 1321 2010 ἀπὺ
1335 1957 1438 2010 τῶν
1457 1957 1748 2029 τρυγόνων,

152 2047 193 2118 ἢ
229 2050 361 2103 ἀπὸ
398 2049 519 2101 τῶν
549 2048 964 2121 περιστερίδεων
1002 2049 1062 2101 τὸ
1097 2048 1263 2118 δῶρον
1304 2048 1483 2102 αὑτοῦ.
1522 2049 1605 2102 15.
1642 2049 1749 2101 Kal

150 2139 464 2209 προσοίσει
514 2140 644 2191 αὐτὸ
675 2141 704 2191 ὁ
731 2139 910 2208 ίερεὺς
948 2138 1085 2207 πρὸς
1126 2138 1185 2190 τὸ
1229 2137 1626 2209 θυσιαστήριον,
1658 2139 1750 2191 καὶ

147 2230 474 2285 ἀποκνίσει
507 2229 604 2299 τὴν
634 2228 879 2298 κεφαλὴν
922 2227 1130 2292 αὐτοῦς
1160 2228 1253 2281 καὶ
1288 2229 1529 2298 ἐπιθήσει
1566 2230 1656 2282 ἐπὶ
1691 2229 1749 2282 τὸ

148 2316 602 2388 θυσιαστήριον,
622 2321 722 2373 καὶ
748 2334 812 2370 στ
822 2318 1076 2389 ραγγίσει
1093 2317 1151 2371 τὸ
1163 2312 1297 2386 αἷμα
1320 2317 1479 2369 αὑτοῦ
1506 2318 1636 2388 πρὸς
1650 2318 1746 2389 τὴν

147 2407 324 2478 βάσιν
363 2408 778 2478 Θυσιαστηρίου.
808 2408 897 2461 16.
929 2408 1042 2460 Kal
1057 2406 1242 2473 ἀφελεῖ
1254 2406 1341 2458 τὸν
1364 2406 1618 2477 πρόλοϐον
1654 2409 1751 2461 αὐ-

145 2500 243 2554 τοῦ
274 2500 396 2553 σὺν
417 2501 527 2559 τοῖς
540 2502 764 2569 πτεροῖς
792 2496 983 2561 αὑτοῦ,
1015 2497 1103 2549 καὶ
1125 2495 1339 2548 ἐκϐαλεῖ
1368 2496 1494 2549 αὐτὸ
1517 2496 1663 2567 παρὰ
1691 2497 1749 2550 τὺ

147 2589 558 2660 θυσιαστήριον
580 2589 727 2642 κατά
757 2587 1032 2649 ἀνατολὰς
1065 2588 1143 2649 είς
1172 2586 1261 2637 τὸν
1291 2585 1447 2638 τόπον
1487 2586 1577 2639 τοῦ
1621 2604 1749 2640 σπο-

148 2680 265 2734 δοῦ.
302 2678 396 2732 17.
424 2680 534 2733 Καὶ
557 2677 831 2732 ἐκκλάσει
861 2677 995 2729 αὐτὸ
1026 2677 1090 2728 ἐκ
1120 2674 1224 2727 τῶν
1246 2674 1542 2745 πτερύγων,
1568 2678 1659 2729 καὶ
1688 2678 1748 2730 οὐ

148 2769 343 2822 διελεῖ.
377 2769 481 2821 Kal
513 2768 783 2837 ἐπιθήσει
815 2767 954 2820 αὐτὸ
991 2766 1021 2818 ὁ
1052 2765 1229 2834 ἱερεὺς
1250 2765 1340 2817 ἐπὶ
1375 2764 1435 2817 τὸ
1470 2764 1751 2835 θυσιαστή-

1853 901 1981 939 num
2018 899 2173 952 super
2201 892 2359 951 caput
2383 882 2498 950 ejus
2527 880 2549 948 ζ
2588 890 2642 934 et
2662 880 2978 947 jugulabunt
3002 879 3125 933 illud
3159 894 3187 932 a
3210 878 3376 934 latere

1852 973 2032 1027 altaris
2051 974 2116 1025 ad
2146 971 2460 1040 Aquilonem
2493 978 2615 1023 ante
2649 968 2922 1021 Dominum
2966 986 2978 1020 :
3012 976 3065 1021 ct
3105 968 3377 1024 en‘undent

1850 1063 1941 1116 ﬁlii
1968 1063 2142 1114 Aaron
2180 1060 2478 1114 sacerdotes
2523 1059 2832 1127 sanguinem
2871 1057 2988 1125 ejus
3032 1072 3189 1125 super
3210 1059 3379 1113 altare

1850 1154 1902 1205 in
1926 1152 2168 1206 circuitu.
2214 1152 2300 1203 1⁸2.
2347 1149 2411 1202 Et
2442 1151 2676 1204 divident
2724 1148 2853 1201 illud
2897 1163 2990 1215 per
3029 1148 3267 1202 membra
3310 1151 3379 1218 Χ

1849 1242 1966 1309 ejus
1999 1243 2019 1309 ζ
2052 1251 2104 1295 et
2123 1249 2282 1309 caput
2302 1243 2368 1307 )t(
2392 1241 2506 1308 ejus
2535 1240 2557 1306 ζ
2585 1247 2636 1291 et
2663 1238 2887 1307 adipem.
2922 1237 2987 1290 Et
3001 1238 3379 1306 constipabunt

1852 1346 1912 1383 ea
1946 1332 2246 1385 sacerdotes
2291 1347 2450 1399 super
2477 1331 2640 1399 ligna,
2682 1344 2801 1396 quae
2837 1336 2996 1396 super
3031 1327 3225 1397 ignem,
3259 1343 3380 1397 qua

1850 1434 2007 1488 super
2028 1420 2213 1474 altare.
2234 1419 2317 1473 15.
2340 1419 2403 1471 Ει
2422 1418 2668 1471 intestina
2685 1427 2737 1469 et
2763 1418 2918 1485 pedes
2934 1417 3183 1471 lavabunt
3206 1433 3375 1488 aqua:

1855 1518 1908 1563 et
1938 1510 2121 1563 oﬂ‘eret
2140 1509 2385 1564 sacerdos
2414 1508 2613 1571 omnia,
2643 1517 2697 1560 et
2719 1506 2954 1575 imponet
2985 1522 3143 1576 super
3168 1508 3375 1562 altare:

1854 1599 2225 1653 holocaustum
2265 1609 2345 1655 est
2388 1601 2732 1663 sacriﬁcium,
2767 1599 2898 1653 odor
2958 1597 3234 1651 suavitatis
3274 1597 3380 1652 Do-

1854 1702 2018 1742 mmo.

1921 1868 2008 1922 14.
2036 1866 2091 1921 Si
2132 1876 2305 1923 autem
2335 1869 2399 1923 de
2437 1869 2739 1923 volatilibus
2780 1869 3150 1923 holocaustum
3190 1866 3381 1922 oﬂ'erat

1851 1973 2047 2012 munus
2082 1973 2239 2013 suum
2281 1958 2525 2026 Domino,
2558 1970 2611 2014 et
2646 1960 2829 2014 oll‘eret
2851 1960 2916 2013 de
2950 1958 3248 2012 turturibus
3296 1957 3381 2013 vel

1852 2050 1917 2103 de
1932 2049 2189 2104 columbis
2210 2064 2404 2105 munus
2420 2065 2592 2104 suum.
2610 2049 2692 2103 15.
2718 2049 2780 2103 Et
2794 2047 2975 2103 oﬂeret
2990 2047 3115 2101 illud
3132 2046 3381 2102 sacerdos

1854 2140 1918 2194 ad
1937 2142 2122 2208 altare;
2142 2150 2193 2197 et
2209 2143 2535 2213 retorquebit
2552 2151 2710 2212 caput
2729 2142 2864 2210 ejus,
2892 2149 2944 2194 et
2965 2141 3200 2209 imponet
3218 2152 3379 2207 super

1854 2230 2039 2286 altare.
2068 2241 2122 2284 et
2150 2231 2433 2285 exstillabit
2458 2233 2767 2298 sanguinem
2795 2231 2909 2299 ejus
2938 2231 3003 2284 ad
3033 2229 3206 2284 basim
3245 2228 3378 2281 alta-

1853 2318 1946 2373 ris.
1984 2319 2064 2373 16.
2110 2319 2174 2374 Et
2209 2320 2413 2376 auferet
2455 2322 2740 2376 vesiculam
2781 2319 3007 2392 gutturis
3058 2320 3205 2388 ejus,
3250 2331 3374 2372 cum

1853 2409 2046 2478 plumis
2068 2410 2184 2478 ejus
2211 2422 2295 2465 :et
2318 2412 2556 2480 projieiet
2580 2426 2697 2465 eam
2720 2411 2784 2465 ad
2814 2412 2978 2465 altare
2997 2424 3183 2464 versus
3202 2406 3382 2462 Orien-

1852 2506 1958 2552 tem
1991 2499 2046 2552 in
2073 2500 2248 2554 locum
2281 2501 2495 2556 cineris.
2527 2500 2613 2555 17.
2651 2501 2717 2555 Et
2747 2499 2985 2570 effringet
3008 2515 3125 2554 eam
3156 2499 3221 2552 ab
3247 2497 3378 2562 alis,

1852 2596 1906 2642 et
1929 2604 2035 2644 non
2062 2588 2259 2644 dividet
2288 2609 2303 2645 :
2335 2599 2388 2645 et
2427 2592 2671 2659 imponet
2695 2607 2810 2646 eam
2841 2590 3089 2646 sacerdos
3116 2601 3273 2655 super
3298 2586 3379 2639 al-

1855 2685 1987 2743 tare,
2026 2692 2187 2747 super
2225 2679 2387 2748 ligna,
2421 2694 2540 2749 qua:
2571 2694 2728 2749 super
2749 2680 2923 2750 ignem
2952 2697 2965 2735 ξ
2998 2676 3381 2733 Holocaustum

1853 2777 1934 2821 est
1955 2768 2295 2831 sacriﬁcium,
2327 2768 2459 2823 odor
2481 2769 2757 2825 suavitatis
2785 2768 3028 2823 Domino.

170 2873 287 2925 μου
319 2856 415 2908 ἐπὶ
443 2856 512 2909 τὰ
537 2855 676 2922 ξύλα
707 2854 782 2907 τὰ
813 2855 912 2906 ἐπί
943 2852 1037 2906 τοῦ
1071 2852 1258 2923 πυρός.
1285 2851 1571 2922 Κάρπωμά
1611 2854 1755 2905 ἐστιν
1790 2853 1965 2919 θυσία,
1998 2854 2136 2925 ὀσμὴ
2167 2856 2387 2919 εὐωδίας
2409 2855 2485 2927 τῷ
2507 2857 2711 2927 Κυρίῳ.

485 2963 910 3018 ΣΥΜΜΔΧΟΣ.
1775 2966 1851 3018 0'.
2684 2965 3072 3023 ΘΕΟΔΟΤΙΩΝ.

243 3128 302 3180 ι,
1372 3124 1422 3176 1.
1452 3124 1559 3178 Kal
1585 3124 1919 3179 ἀνεκάλεσεν.
2454 3131 2505 3184 1.

241 3215 301 3272 2.
334 3215 688 3287 Προσφοράν.
1368 3212 1420 3265 2.
1456 3213 1627 3284 Δῶρα.
2448 3218 2500 3273 2,

243 3304 303 3357 3.
1370 3300 1422 3353 5.
1453 3301 1850 3384 νὈλοκαύι-ωμα.
1906 3302 2157 3368 Ἀλλος,
2198 3304 2312 3357 ὀλο-
2450 3305 2504 3356 5.

1298 3384 1643 3437 καυτωματα.

239 3459 301 3516 5.
1363 3455 1553 3533 §._Tc‘:v
1583 3526 1597 3533 _
1620 3458 1831 3533 μόσχον.
1910 3463 2106 3525 Αλλος
2125 3500 2139 3523 ,
2196 3460 2309 3513 υἱὸν
2450 3461 2507 3514 5.

1298 3524 1391 3575 τοῦ
1425 3524 1711 3592 βουκολίου.

1369 3613 1713 3683 Προσχεοῧσι.
1736 3616 1971 3680 Ἀλλος,
1988 3616 2305 3669 ἀκοντιοῦσι.

240 3705 304 3762 6.
620 3759 628 3768 ,
1370 3700 1421 3755 6.
1470 3702 1843 3771 Ἐκδείραντες.
1898 3706 2145 3769 Ἄλλος,
2202 3705 2308 3757 δεί-
2447 3703 2499 3757 6.

1304 3785 1508 3837 ραντες.
1543 3771 1781 3835 ¹Ἄλλος,
1814 3771 2041 3824 ἐκδύσει.

234 3863 295 3918 7,
1305 3923 1315 3926 _
1371 3855 1446 3926 7A.;
1474 3857 1978 3911 Ἐπιστοιϐάσουσιν.
2051 3861 2267 3926 Ἀλλος
2292 3902 2307 3925 ,
2454 3857 2504 3908 7.

1301 3922 1653 4041 ὶπῖθήσρυσιν.
1685 3927 1918 3991 Ἄλλος,
1952 3922 2310 3981 στοι6άσουσιν

1301 4008 1351 4041 οι
1398 4008 1554 4041 εοεις.
1978 4026 1985 4033 .

1301 4008 1351 4042 οι
1379 4008 1554 4059 ιερεις.
1978 4026 1985 4033 -

231 4091 291 4146 9.
1371 4080 1433 4148 9.
1454 4078 1533 4131 Τὰ
1582 4076 1835 4147 ἐγκοίλια.
1898 4083 2114 4148 ’Δλλος
2138 4121 2154 4146 ,
2210 4083 2304 4146 τὰ,
2450 4084 2507 4138 9.

1303 4147 1521 4210 κοιλίας.

229 4247 465 4320 Δῶρον.
1369 4235 1673 4306 Κάρπωμα.
1690 4236 1927 4303 Ἄλλος,
1945 4235 2308 4307 ὀλοκαύτωμα.
2451 4239 2883 4311 Εὑαρεστήσεωςο

244 4332 683 4393 mutam“,
1368 4323 1621 4388 Εὒωδίας.

492 4411 950 4476 εγωίεοιιυε.
1475 4410 1616 4465 LXX
1648 4411 1751 4465 lN'I

1861 4411 2140 4467 PRETES.
2686 4413 3091 4474 THEODOTIO.

235 4519 296 4574 ι,
1377 4500 1430 4555 1.
1459 4500 1525 4554 Ει
1556 4515 1751 4556 revoca

233 4607 291 4662 2.
321 4599 717 4661 Oblationem.
1374 4590 1428 4643 2.
1462 4590 1626 4643 Dona.
2456 4596 2508 4650 ε,

239 4698 300 4753 δ,
1374 4677 1425 4731 5.
1467 4677 1751 4733 Bolocaust

1861 4718 1865 4729 .
1916 4679 2099 4745 Alius,
2162 4679 2314 4733 holo-
2456 4686 2508 4740 3.

1308 4755 1509 4802 causta.

241 4852 277 4905 5
1310 4835 1427 4954 l"5.
1469 4832 1726 4890 Vitulum.
1756 4833 1927 4897 Alius,
1962 4832 2128 4887 ﬁlium
2150 4833 2315 4888 buco-
2455 4840 2506 4892 5.

1329 4918 1383 4954 ιι.

1329 4918 1383 4961 ll.

1374 4988 1673 5043 En‘undent.
1700 4988 1877 5051 ‘Alius,
1920 4987 2310 5055 jaeulabuntur.

238 5098 296 5153 ο.
1374 5075 1424 5128 6.
1456 5074 1816 5129 Decoriantes.
1834 5074 2003 5139 Alius,
2035 5078 2315 5132 excorian-
2456 5080 2509 5135 ϐ.

930 5188 937 5193 ,
1307 5153 1404 5196 tes.
1433 5143 1603 5196 Alius.
1626 5151 1802 5196 exuet.
1856 5176 1861 5180 -

1390 5182 1404 5196 .
1433 5160 1603 5208 Attus,
1626 5160 1802 5196 exuet.
1856 5176 1861 5180 -

238 5253 290 5311 7.
1371 5231 1426 5311 7.
1453 5231 1751 5311 Cpristipalii

1906 5233 2055 5311 Alius
2084 5273 2099 5298 ,
2121 5233 2311 5311 _impo-
2456 5234 2506 5286 7.

1313 5307 1450 5351 nent.
1482 5300 1655 5363 Alius,
1687 5307 1923 5355 sternent
1951 5302 2270 5355 sacerdotes.

231 5412 291 5467 9,
344 5386 355 5391 ’
684 5424 693 5433 -
1096 5432 1105 5443 .
1372 5384 1423 5438 9.
1457 5385 1731 5440 Intestina.
1755 5386 1924 5453 Alius,
1958 5397 2186 5444 ventres.
2461 5390 2507 5445 9,

227 5500 491 5556 Donum.
1304 5473 1662 5594 ωξέὣοῶυυω
1694 5471 2129 5543 ουιαιίοθΑιίιη,
2158 5476 2307 5533 holo-

1304 5558 1567 5597 causwm.

218 5650 507 5724 ιηυίσῃ
1376 5629 1773 5689 Suaveolentiz.
2440 5628 2777 5702 Beneplacm,
