3670 6350
492 388 593 444 515

488 518 698 556 omnem
720 502 1027 571 sanguinem
1075 502 1222 556 vituli
1261 502 1493 558 effundet
1538 507 1603 560 ad
1635 509 1804 563 basim
1831 510 2011 563 altaris

487 590 780 645 bolocausti
802 588 821 653 ,’
864 588 1006 657 quod
1054 597 1137 644 est
1168 591 1232 643 ad
1264 591 1457 659 januas
1493 594 1822 649 tabernaculi
1858 597 2012 649 testi-

486 680 671 734 monii.
713 680 767 733 8.
809 678 872 732 Et
910 693 1122 732 omnem
1181 679 1390 747 adipem
1436 682 1585 734 vituli
1645 698 1739 750 pro
1794 692 2010 751 peccato

484 768 689 822 auferet
738 768 807 821 ab
858 782 955 830 eo,
1007 768 1213 836 adipem
1271 769 1597 836 operientem
1651 772 1923 835 intestina,
1960 779 2013 823 et

481 872 693 912 omnem
725 857 954 924 adipem,
980 858 1069 924 qui
1095 866 1176 910 est
1204 873 1365 932 super
1390 860 1676 913 intestina:
1711 860 1761 913 9.
1796 858 2011 912 Etduos

479 962 657 1007 renes,
687 954 740 998 et
774 946 979 1013 adipem
1004 946 1095 1013 qui
1138 960 1296 1013 super
1327 947 1490 1013 ipsos,
1521 947 1610 1014 qui
1645 956 1726 999 est
1754 962 1912 1016 super
1937 946 2013 999 fe-

480 1051 653 1099 mora,
692 1043 745 1088 et
792 1049 1019 1103 pennam
1073 1051 1192 1103 quze
1245 1050 1405 1103 super
1438 1036 1589 1104 jecur
1633 1052 1755 1090 cum
1796 1037 2012 1091 renibus

421 1122 430 1133 ’
479 1123 687 1177 auferet
710 1124 902 1192 ipsam,
946 1124 1031 1176 10.
1071 1125 1516 1193 quemadmodum
1573 1124 1813 1180 aufertur
1843 1126 1955 1194 ipsa
1980 1140 2012 1178 a

478 1214 644 1266 vitulo
673 1212 918 1267 sacrificii
947 1214 1218 1275 salutaris,
1253 1221 1306 1267 et
1356 1213 1541 1267 offeret
1570 1215 1739 1283 ipsam
1763 1216 2011 1269 sacerdos

478 1321 635 1374 super
670 1305 835 1358 altare
860 1305 1178 1359 holocausti.
1212 1305 1295 1358 11.
1331 1305 1394 1359 Et
1418 1304 1605 1373 pellem
1638 1305 1790 1358 vituli
1819 1314 1871 1358 et
1891 1320 2011 1357 om-

479 1409 599 1450 nem
630 1397 745 1464 ejus
777 1411 987 1449 carnem
1016 1412 1137 1450 cum
1186 1394 1357 1465 capite
1411 1396 1550 1464 ejus,
1584 1405 1636 1451 et
1665 1396 2014 1450 extremitati-

480 1487 599 1548 bus,
638 1494 691 1538 et
723 1493 925 1550 ventre,
950 1494 1001 1537 et
1027 1487 1171 1539 limo.
1199 1486 1284 1539 12.
1318 1484 1383 1538 Et
1426 1485 1647 1540 eﬂerent
1684 1494 1850 1540 totum
1876 1470 2027 1538 νηοί

480 1575 590 1626 lum
618 1583 765 1627 extra
803 1585 978 1628 castra
1008 1574 1059 1626 in
1089 1574 1265 1628 locum
1301 1575 1579 1639 mundum,
1611 1575 1701 1629 ubi
1738 1575 2015 1630 effundunt

478 1662 728 1724 cinerem,
769 1671 821 1715 et
846 1663 1157 1716 comburent
1198 1663 1345 1715 illum
1408 1678 1567 1731 super
1599 1664 1738 1732 ligna
1762 1666 1813 1717 in
1850 1664 2008 1734 igne:

482 1767 643 1820 super
678 1752 938 1807 effusione
966 1754 1161 1806 cineris
1184 1754 1527 1808 cremabitur.

1483 393 1952 452 HEXAPLORUM
1988 392 2152 458 QUIE
2194 391 2624 447 SUPERSUNT.
3086 382 3091 383 ί
3556 392 3626 454 ιιι

2112 506 2403 569 συνθέσεως
2430 505 2605 557 ἔναντι
2631 501 2871 571 Κυρίου,
2938 498 2970 551 ὃ
3020 496 3169 551 ἐστιν
3202 496 3259 550 ιν
3282 498 3347 567 τῇ
3373 501 3522 569 σκηνῇ
3564 505 3626 555 τοις

2113 597 2424 666 μαρτυρίου.
2458 595 2565 647 Kal
2599 595 2706 644 πᾶν
2740 591 2805 643 τὸ
2841 583 2994 658 αἷμα
3033 584 3131 639 τοῦ
3170 586 3361 655 μόσχου
3380 587 3536 656 ἑκχεεῖ
3559 606 3626 643 παρ

2112 682 2181 751 ρὰ
2209 680 2301 750 τὴν
2328 680 2480 749 βάσιν
2513 678 2606 730 τοῦ
2634 674 3049 744 θυσιαστηρίου
3091 673 3189 744 τῆς
3215 673 3626 741 ὁλοκαυτώσεως,ί

2110 772 2253 821 ἐστιν
2285 768 2432 837 παρὰ
2477 768 2574 828 τὰς
2608 765 2784 835 θύρας
2835 764 2943 832 τῆς
2978 761 3189 829 σκηνῆς
3238 760 3325 813 τοῦ
3375 764 3626 833 μαρτυρίου.

2110 860 2159 912 8.
2191 859 2297 911 Kal
2330 860 2435 911 πᾶν
2462 858 2523 909 τὸ
2551 856 2716 927 στέαρ
2748 854 2849 907 τοῦ
2902 853 3114 923 μόσχου
3148 850 3241 904 τοῦ
3273 850 3367 921 τῆς
3402 854 3626 922 ἁμαρτίας,

2111 949 2345 1018 περιελεῖ
2388 949 2479 1000 ἀπ’
2531 946 2718 1009 αὑτοῦ,
2765 946 2830 997 τὸ
2888 944 3065 1015 στέαρ
3095 942 3157 995 τὸ
3183 943 3557 996 κατακαλύπτον
3592 951 3626 1000 τὰ

2110 1036 2370 1102 ἐνδόσθια,
2425 1038 2518 1091 καὶ
2548 1040 2656 1090 πᾶν
2704 1036 2767 1088 τὸ
2802 1035 2981 1105 στέαρ
3015 1034 3079 1087 τὸ
3127 1033 3221 1086 ἐπὶ
3250 1033 3354 1086 τῶν
3393 1034 3625 1089 nomen»,

2108 1131 2161 1183 9.
2194 1130 2301 1181 Kal
2326 1128 2452 1189 τοὺς
2475 1125 2567 1179 δύο
2595 1126 2861 1195 νεφροὺς,
2929 1124 3031 1175 xal
3064 1122 3128 1173 τὸ
3181 1122 3343 1191 στέαρ
3372 1122 3429 1173 τὸ
3472 1124 3545 1173 ἐπ’
3574 1126 3626 1173 al

2110 1217 2236 1280 τῶν,
2266 1219 2294 1269 ὃ
2315 1219 2460 1269 ἐστιν
2494 1216 2587 1268 ἐπὶ
2621 1216 2730 1267 τῶν
2760 1213 3016 1284 μηρίων,
3046 1211 3144 1263 καὶ
3195 1210 3285 1263 τὸν
3307 1210 3450 1263 λόεον
3480 1211 3553 1263 τὸν
3577 1212 3626 1261 lsi

2110 1306 2199 1359 τοῦ
2233 1307 2459 1375 ἥπατος,
2486 1307 2582 1357 σὺν
2607 1306 2721 1367 τοῖς
2752 1304 2987 1370 νεφροῖς
3018 1301 3265 1370 περιελεῖ
3310 1301 3452 1361 αὐτὸ,
3484 1301 3552 1352 10.
3574 1303 3626 1351 ὐτ

2109 1399 2304 1468 τρόπον
2359 1398 2673 1466 ἀπαιρεῖται
2729 1392 2848 1447 ἀπὸ
2884 1391 2983 1444 τοῦ
3018 1391 3222 1461 μόσχου
3253 1390 3347 1443 τοῦ
3388 1392 3476 1461 τῆς
3503 1390 3626 1454 θυσίας

2109 1488 2199 1539 τοῦ
2223 1486 2506 1557 σωτηρίου.
2534 1486 2645 1537 Kal
2690 1483 2907 1536 ἀνοίσει
2956 1482 3097 1535 αὐτὸ
3130 1483 3160 1532 ὁ
3202 1483 3377 1550 ἱερεὺς
3401 1482 3483 1533 ἐπὶ
3508 1482 3555 1533 τὸ
3575 1482 3626 1533 Θυ

2113 1578 2420 1645 σιαστήριον
2447 1575 2545 1643 τῆς
2605 1572 2985 1643 καρπώσεως.
3045 1572 3132 1623 11.
3172 1571 3284 1622 Kal
3333 1571 3391 1623 τὸ
3417 1570 3626 1641 δέρματά

2115 1667 2332 1734 μόσχου,
2364 1665 2459 1717 καὶ⁷
2481 1666 2663 1716 πᾶσαν
2695 1662 2870 1715 αὑτοῦ
2925 1661 3029 1731 τὴν
3069 1661 3252 1731 σάρκα
3289 1662 3381 1713 σὺν
3404 1664 3465 1730 τῇ
3486 1661 3626 1727 κεφαλῇ

2117 1752 2297 1813 αὐτοῦ,
2329 1751 2423 1803 καὶ
2483 1753 2597 1811 τοῖς
2630 1749 3004 1819 ἀκροτηρίοις
3033 1748 3131 1800 καὶ
3186 1750 3254 1817 τῇ
3312 1747 3475 1817 κοιλίᾳ
3508 1748 3626 1815 καὶτξ

477 1842 684 1911 κόπρῳ.
718 1842 800 1894 193.
838 1843 945 1894 Kal
984 1843 1273 1908 ἐξοίσουσιν
1303 1844 1420 1895 ὅλον
1462 1845 1551 1896 τὸν
1596 1845 1787 1913 μόσχον
1828 1844 1930 1910 ἔξω
1962 1845 2059 1912 τῆς
2098 1841 2442 1910 παρεμϐολῆς
2487 1843 2570 1903 εἰς
2621 1841 2793 1891 τόπον
2856 1839 3132 1909 καθαρὸν,
3172 1834 3235 1891 οὗ
3291 1838 3538 1908 ὲκχεοῦσιν
3572 1842 3626 1909 τὴν

482 1930 720 1992 σποδιὰν,
737 1932 827 1983 καὶ
848 1933 1271 1985 κατακαύσουσιν
1299 1933 1458 1985 αὐτὸν
1482 1934 1574 1986 ἐπὶ
1594 1933 1760 1999 ξύλων
1785 1935 1840 1986 ὲν
1858 1934 2007 2001 πυρί’
2047 1934 2135 1984 ἐπὶ
2165 1932 2259 1999 τῆς
2282 1930 2553 1998 ὲκχύσεως
2573 1930 2677 1998 τῆς
2722 1929 2964 1990 σποδιᾶς
2984 1928 3341 1997 καυθήσεται.

549 2023 637 2075 15.
672 2021 727 2076 Si
754 2032 927 2076 autem
964 2024 1138 2078 omnis
1170 2023 1443 2095 Synagoga
1470 2028 1631 2080 Israel
1668 2027 2007 2094 ignoraverit,

480 2124 534 2168 et
559 2114 1011 2168 latueritverbum
1042 2116 1107 2168 ab
1148 2116 1319 2170 oculis
1352 2118 1676 2186 .Synagogm,
1709 2127 1761 2171 et
1791 2117 2013 2172 fecerint

483 2219 649 2258 unum
673 2204 737 2257 de
760 2203 1011 2257 omnibus
1038 2206 1303 2259 mandatis
1347 2205 1576 2270 Domini,
1604 2207 1744 2274 quod
1772 2222 1878 2260 non
1902 2207 2009 2268 fiet,

481 2300 537 2348 et
565 2292 884 2361 deliquerint
928 2312 939 2344 :
995 2293 1079 2346 N.
1137 2293 1203 2345 Et
1259 2294 1548 2348 innotuerit
1589 2296 1666 2349 eis
1712 2305 2009 2365 peccatum,

481 2382 623 2450 quod
654 2390 1004 2450 peccaverunt
1031 2383 1082 2434 in
1114 2397 1178 2435 eo
1208 2402 1219 2435 :
1244 2392 1293 2435 et
1317 2384 1540 2438 adducet
1567 2384 1843 2454 Synagoga
1874 2386 2011 2438 vitu-

484 2472 591 2524 lum
616 2484 680 2524 ex
718 2471 889 2524 bobus
927 2484 987 2524 -ε-
1050 2472 1451 2525 immaculatum
1480 2472 1501 2538 ζ
1539 2488 1636 2540 pro
1672 2483 1888 2540 peccato
1921 2492 1932 2526 :
1960 2483 2011 2527 et

480 2558 709 2610 adducet
766 2572 889 2610 eum
940 2558 1004 2611 ad
1060 2559 1255 2612 ostium
1311 2561 1635 2614 tabernaculi
1697 2562 2007 2615 testimonii.

482 2646 570 2698 15.
595 2644 658 2697 Et
683 2645 956 2712 imponent
980 2647 1218 2699 seniores
1242 2646 1531 2719 Synagogaa
1551 2664 1743 2703 manus
1771 2665 1897 2703 suas
1921 2665 2012 2702 su-

480 2749 575 2801 per
595 2743 754 2801 caput
783 2734 935 2786 vituli
966 2744 1088 2787 ante
1118 2734 1423 2797 Dominum,
1449 2737 1837 2804 etjugulabunt
1875 2738 2012 2791 vitu-

480 2824 591 2876 lum
621 2831 745 2877 ante
772 2822 1076 2878 Dominum.
1109 2823 1193 2877 16.
1232 2824 1296 2878 Et
1327 2826 1518 2879 inferet
1562 2826 1830 2881 sacerdos.
1907 2866 1921 2883 .
1998 2864 2013 2880 .

518 3018 2008 3073 auc..........._.....'.

518 3020 2008 3073 ευς.ε.............’.

482 3020 515 3071 ρ
552 3093 635 3145 17.
761 3095 1019 3162 sanguine
1050 3094 1196 3147 vituli
1236 3113 1247 3147 :
1278 3104 1331 3148 et
1372 3061 1615 3163 asperget
1646 3093 1841 3162 septies
1886 3102 2008 3148 ante

482 3181 764 3238 Dominum
791 3186 854 3239 ad
884 3184 1071 3239 faciem
1102 3183 1380 3239 velaminis
1403 3198 1465 3240 σι-
1489 3185 1657 3239 sancti
1692 3184 1713 3251 ζ
1746 3184 1828 3238 18.
1856 3182 1921 3239 Et
1944 3186 2009 3240 de

1856 3363 1941 3415 T0
1972 3362 2312 3417 EBPAIKON

2189 2025 2273 2077 15.
2324 2024 2447 2075 Ἐὰν
2499 2023 2555 2075 δὲ
2590 2024 2747 2075 πᾶσα
2809 2025 3121 2094 συναγωγὴ
3178 2024 3382 2094 Ἰσραὴλ
3439 2026 3625 2095 mam

2116 2117 2204 2169 καὶ
2248 2115 2384 2187 λάθῃ
2416 2116 2565 2186 ῥῆμα
2623 2113 2685 2177 ἐξ
2741 2114 3055 2183 ὀφθαλμῶν
3088 2113 3190 2183 τῆς
3253 2114 3554 2184 συναγωγῆς,
3577 2116 3625 2166 xa‘

2116 2208 2373 2277 ποιήσωσι
2406 2206 2533 2273 μίαν
2557 2205 2666 2257 ἀπὸ
2698 2204 2901 2257 πασῶν
2959 2204 3073 2256 τῶν
3109 2204 3336 2257 ἐντολῶν
3361 2206 3536 2275 Κυρίου
3556 2207 3579 2273 ἡ
3597 2206 3626 2255 oi

2116 2292 2486 2362 ποιηθήσεται,
2519 2292 2616 2344 καὶ
2674 2292 3163 2361 πλημμελήσωσι,
3194 2294 3283 2347 14.
3316 2294 3419 2345 Kal
3460 2293 3626 2360 ὲγνώσθτ

2116 2380 2293 2443 αὐτοῖς
2320 2383 2352 2448 ἡ
2378 2381 2621 2450 ἁμαρτία
2682 2382 2753 2450 ἧν
2783 2383 3050 2452 ἥμαρτον
3079 2385 3138 2436 ὲν
3166 2382 3327 2453 αὐτῇ.
3376 2384 3474 2436 Kal
3520 2399 3626 2453 προσ·

2116 2470 2229 2535 ἀξει
2254 2473 2287 2539 ἡ
2319 2470 2604 2540 συναγωγὴ
2632 2471 2847 2540 μόσχον
2878 2475 2947 2525 ὲκ
2984 2472 3127 2542 βοῶν
3163 2487 3227 2528 σε·
3264 2473 3476 2543 ἄμωμον
3507 2474 3524 2540 ζ
3555 2473 3626 2541 περί

2114 2562 2211 2629 τῆς
2244 2561 2535 2631 ἁμαρτίας.
2568 2561 2683 2613 Kal
2711 2563 2995 2632 προσάξει
3029 2564 3198 2618 αὐτὸν
3236 2564 3381 2635 παρὰ
3410 2563 3492 2634 τὴν
3523 2563 3626 2633 θύραι

2115 2652 2213 2720 τῆς
2241 2652 2444 2722 σκηνῆς
2468 2651 2561 2704 τοῦ
2591 2653 2941 2723 μαρτυρίου.
3004 2656 3093 2708 15.
3129 2656 3240 2707 Kal
3280 2654 3581 2725 Ennomon»).
3606 2656 3625 2701 al

2116 2739 2469 2809 πρεσϐύτεροι
2501 2741 2599 2809 τῆς
2644 2743 2997 2813 συναγωγῆς
3060 2743 3163 2806 τὰς
3212 2747 3392 2814 χεῖρας
3419 2739 3626 2795 αὐτῶνὲπι

2119 2830 2214 2898 τὴν
2247 2830 2485 2901 κεφαλὴν
2509 2831 2601 2883 τοῦ
2632 2833 2850 2903 μόσχου
2882 2834 3071 2887 ἔναντι
3087 2836 3318 2905 Κυρίου,
3344 2834 3430 2887 καὶ
3451 2832 3626 2900 σφάξουτη

2119 2918 2209 2970 τὸν
2266 2919 2461 2989 μόσχον
2513 2920 2700 2974 ἔναντι
2759 2924 3007 2994 Κυρίου.
3049 2923 3137 2977 16.
3171 2924 3283 2978 Kal
3328 2922 3519 2976 εἰσοίσει
3549 2921 3626 2971 te

2183 3098 2268 3149 17.
2430 3102 2666 3171 αἵματος
2714 3105 2818 3158 τοῦ
2870 3107 3106 3177 μόσχου.
3149 3107 3261 3160 Kal
3304 3107 3445 3175 ρανετ
3478 3101 3626 3161 Emam;

2113 3185 2287 3239 ἔναντι
2320 3190 2527 3259 Κυρίου
2571 3196 2699 3246 κατ’
2729 3194 2977 3249 ἐνώπιον
3011 3196 3109 3250 τοῦ
3139 3198 3577 3266 καταπετάσματος
3595 3204 3624 3246 ἰ

3040 3376 3342 3431 ΔΚΥΔΔΣ.

1746 3430 2063 3501 Ἑλληνικοῖς
2094 3432 2401 3502 γράμμασι.

741 3360 825 3411 ro
850 3328 1206 3412 EBPAIKON.

1179 3522 1423 3580 om:
1631 3525 1686 3577 2.

984 3620 1103 3673 mm
1146 3596 1356 3668 nmo“;
1391 3612 1425 3664 5
1633 3614 1683 3667 5.

1226 3688 1425 3764 ηκτοι-15

1198 3865 1355 3916 mam
1394 3858 1427 3910 4
1634 3864 1687 3917 ι.

969 3958 1118 4009 rma
1158 3957 1359 4009 ’ΞΒ-ΠΝ
1393 3950 1425 4003 6
1634 3954 1685 4007 6.

1168 4188 1346 4240 D’DD?
1396 4182 1427 4233 7
1633 4181 1687 4235 7.

1289 4325 1432 4403 n‘mn

1208 4552 1430 4628 ’Μ’-ΒΝ

587 4744 833 4802 VERSIO
866 4745 1179 4804 HEBRAICI
1213 4750 1410 4807 TEXT.

557 4952 610 5003 3.
638 4951 715 5003 Ad
744 4950 993 5004 delictum
1021 4951 1221 5021 populi.

558 5037 617 5089 In
650 5049 945 5105 peccatum.

562 5127 615 5179 4.
647 5125 713 5179 Ει
740 5127 938 5183 afferet.

565 5213 618 5267 6.
648 5213 782 5266 Cum
815 5214 1050 5273 faciebus
1080 5220 1202 5274 veli.

568 5300 620 5356 7.
645 5300 984 5356 Aromatum.
1036 5350 1039 5355 ,

1643 5042 1744 5095 Pro
1777 5048 2010 5107 peccato.

1645 5132 1697 5183 ι.
1738 5129 2000 5183 Adducet.

560 5456 927 5513 AseenaiOnis.
1645 5461 1970 5517 Holocausti.

566 5616 646 5674 Ad
673 5615 1096 5673 fundamentum.
1643 5618 1702 5677 ιη
1735 5618 1927 5676 basim.

1760 4744 2081 4804 V'ULGATA
2118 4744 2386 4802 LATlNA.

555 4860 612 4913 θ.
639 4859 694 4913 ιιι
722 4859 1044 4929 ignorantia.
1634 4863 1688 4917 9..
1731 4862 1829 4915 Per
1860 4860 1995 4927 ignei

2118 4872 2233 4910 ,am.

1639 4956 1690 5007 5.
1732 4952 2049 5018 Delinquere
2077 4948 2277 5003 faciens
2299 4950 2581 5020 populum.

2736 3534 2798 3588 2.
2839 3537 2934 3591 Ἐν
2956 3537 3178 3609 ἀγνοίᾳ.

2735 3623 2794 3676 3.
2833 3625 2936 3689 Εἰς
2969 3627 3357 3700 πλημμέλησιν
3385 3623 3467 3678 τοῦ
3490 3618 3601 3675 λαοῦ.

2739 3867 2801 3923 ι.

2735 3959 2798 4016 6.

2742 4184 2800 4243 7.

3090 4758 3361 4829 AQUILA.

2741 4866 2800 4920 2.
2835 4867 2901 4923 In
2933 4870 3276 4940 ignorantia.

2743 4955 2801 5011 3.
2836 4956 2924 5015 Ad
2948 4961 3216 5019 delictum
3245 4957 3427 5034 populi.

1645 5134 1697 5183 ι.
1738 5134 2000 5183 Adducet.
2746 5134 2805 5187 4.

1639 5218 1691 5269 6.
1732 5214 1930 5269 Contra
1956 5215 2151 5268 velum.
2745 5221 2802 5279 6,

1642 5306 1691 5360 7.
1715 5304 2101 5373 Thymiamatis
2130 5304 2444 5374 gratissimi.
2739 5308 2778 5364 ’1
