3670 6326
20 384 103 438 545
1227 393 1520 451 LEVITICI
1557 405 1563 440 4

1668 397 1706 450 ³.
1745 394 1831 450 1V.

22 497 89 552 τοῦ
114 497 257 565 ἁγίου
292 499 314 566 1
352 499 440 554 18.
480 502 604 556 Καὶ
631 503 750 558 ἀπὸ
773 504 866 559 τοῦ
895 506 1122 574 αἵματος
1158 509 1402 580 ἐπιθήσει
1439 525 1498 564 +
1527 512 1555 562 ό

19 590 165 656 ἱερεὺς
195 589 215 654 1
244 590 333 640 ἐπὶ
365 590 434 641 τὰ
455 592 681 662 κέρατα
707 596 801 648 τοῦ
828 598 1201 669 θυσιαστηρίου
1233 599 1336 651 τῶν
1369 599 1556 668 θυμια-

19 679 173 746 μάτων
199 691 256 731 οε-
285 677 380 747 τῆς
422 680 749 747 συνθέσεως
792 686 813 752 1
865 687 893 739 ὃ
918 687 1061 738 ἐστιν
1088 686 1307 740 ἐνώπιον
1335 689 1555 758 Κυρίου,

15 773 183 820 ὃέστιν
211 769 295 819 ἐπὶ
321 770 421 838 τῆς
449 775 672 842 σκηνῆς
721 775 816 828 τοῦ
867 778 1180 848 μαρτυρίου.
1215 779 1322 831 Kai
1363 779 1422 830 τὸ
1455 781 1557 831 πᾶν

16 851 132 927 αἷμα
157 857 321 926 ἐκχεεῖ
348 860 489 928 πρὸς
523 863 634 931 τὴν
697 865 854 933 βάσιν
905 867 994 919 τοῦ
1038 867 1409 937 θυσιαστηρίου
1456 868 1558 919 τῶν

15 949 381 1015 καρπωμάτων,
418 950 481 1000 τὸ
535 951 600 1003 ὃν
648 956 794 1024 πρὸς
848 959 912 1026 τῇ
945 955 1082 1026 θύρᾳ
1108 957 1202 1026 τῆς
1239 958 1436 1026 σκηνῆς
1466 958 1555 1008 τοῦ

20 1035 296 1104 μαρτυρίου.
323 1036 408 1088 19.
439 1039 559 1090 Kal.
590 1041 656 1093 τὸ
690 1046 799 1097 πᾶν
841 1045 1001 1114 στέαρ
1027 1045 1186 1096 αὑτοῦ
1215 1046 1446 1114 περιελεῖ
1467 1047 1557 1098 ἀπ’

18 1124 172 1180 αὐτοῦ.
216 1127 305 1177 καὶ
351 1128 566 1181 ἀνοίσει
624 1131 729 1184 ἐπὶ
783 1134 842 1185 τὸ
893 1133 1284 1202 θυσιαστήριον.
1337 1133 1424 1188 20.
1453 1135 1559 1186 Καὶ

18 1215 196 1282 ποιήσει
237 1213 324 1265 τὸν
361 1216 594 1285 μόσχον.
688 1259 705 1273 .
793 1262 806 1273 .
887 1261 900 1273 .
981 1262 994 1274 .
1076 1261 1088 1272 .
1170 1261 1183 1272 .
1263 1259 1277 1273 .
1356 1257 1370 1272 .
1450 1261 1462 1272 .
1545 1261 1557 1274 .

1163 1351 1175 1363 .
1257 1351 1268 1362 .
1329 1311 1556 1380 >ε<τῷξ

18 1395 91 1445 καὶ
117 1393 402 1458 ὲξιλάσεται
437 1399 578 1466 περὶ
604 1402 800 1455 αὐτῶν
829 1406 857 1456 ὁ
903 1403 1096 1472 ἱερεὺς,
1129 1401 1218 1453 καὶ
1242 1402 1561 1471 ἀφεθήσεται

19 1487 169 1548 αὐτοῖς
193 1502 248 1540 οι-
275 1490 307 1556 ὴ
335 1490 592 1558 ἁμαρτία
633 1493 657 1559 1
691 1492 787 1544 21.
818 1492 926 1544 Καὶ
951 1491 1236 1542 ἐξοίσουσιν
1260 1490 1345 1541 τὸν
1371 1490 1562 1558 μόσχον

22 1590 67 1628 -:—
98 1575 203 1626 ὅλον
229 1576 251 1641 1
279 1575 383 1640 ἔξω
436 1580 544 1646 τῆς
575 1581 962 1652 παρεμϐολῆς.
1014 1581 1120 1633 Καὶ
1147 1579 1562 1633 κατακαύσουσιν

18 1663 88 1713 τὸν
114 1665 312 1732 μόσχον,
341 1666 401 1718 ὃν
457 1669 678 1738 τρόπον
737 1670 1076 1723 κατέκαυσαν
1124 1672 1210 1724 τὸν
1259 1671 1452 1740 μόσχον
1475 1669 1561 1722 τὸν

21 1753 260 1821 πρότερον·
294 1755 581 1824 ἁμαρτίας
610 1761 937 1828 συναγωγῆς
967 1762 1128 1814 ἐστιν.

72 1841 147 1894 93.
182 1843 299 1896 Ἐὰν
323 1843 381 1896 δὲ
413 1845 443 1895 ὁ
477 1845 678 1916 ἄρχων
709 1849 930 1920 ἁμάρτῃ
953 1851 1044 1902 καὶ
1084 1849 1276 1919 ποιήσῃ
1308 1850 1430 1918 μίαν
1460 1851 1564 1903 ἀπὸ

21 1932 176 1981 πασῶν
196 1931 298 1983 τῶν
339 1933 579 1986 ἐντολῶν
633 1935 850 2004 Κυρίου
895 1934 986 1987 τοῦ
1034 1937 1164 1989 Θεοῦ
1221 1937 1398 2000 αὑτοῦ,
1437 1938 1470 2006 ἢ
1503 1938 1562 1989 οὐ

21 2020 355 2088 ποιηθήσεται,
415 2023 734 2086 ἀκουσίως,
771 2026 864 2077 καὶ
918 2025 1294 2095 πλημμεληθῇ.
1340 2027 1426 2079 25.
1458 2027 1564 2078 Καὶ

21 2111 198 2179 γνωσθῇ
227 2113 373 2181 αὐτῷ
421 2116 456 2181 ἡ
509 2115 778 2183 ἁμαρτία
817 2117 882 2184 ἢν
927 2117 1166 2185 ἥμαρτεν
1205 2118 1261 2168 ὲν
1288 2117 1440 2184 αὺτῇ’
1472 2115 1562 2168 καὶ

20 2199 257 2265 προσοίσει
280 2198 341 2250 τὸ
363 2199 545 2269 δῶρον
571 2201 749 2252 αὑτοῦ
782 2202 1029 2271 χίμαρον.
1077 2241 1089 2254 .
1169 2240 1183 2254 .
1262 2243 1276 2255 .
1356 2240 1369 2254 .
1451 2241 1465 2255 .
1545 2240 1560 2254 .

75 2377 151 2431 24.
254 2376 346 2430 τοῦ
368 2397 422 2446 χι
432 2379 645 2448 μάρου,
675 2382 777 2432 καὶ
802 2381 1088 2447 σφάξουσιν
1104 2381 1260 2431 αὑτὸν
1275 2381 1328 2432 ὲν
1343 2380 1485 2448 τόπῳ
1504 2372 1563 2430 οὗ

23 2466 271 2530 σφάζουσιν
295 2469 362 2519 τὰ
389 2469 842 2538 ὁλοκαυτώματα
873 2472 1097 2522 ἐνώπιον
1141 2470 1356 2537 Κυρίου·
1389 2470 1562 2538 ἀμαρ-

21 2556 115 2616 τίας
139 2557 292 2608 ἐστιν’
322 2556 416 2608 25.
440 2559 559 2608 Καὶ
595 2557 857 2625 ἐπιθήσει
908 2559 934 2608 ὁ
967 2560 1141 2628 ίερεὺς
1172 2558 1276 2610 ἀπὸ
1299 2557 1388 2609 τοῦ
1410 2558 1566 2626 αἵμα-

22 2660 90 2705 τος
112 2645 192 2696 τοῦ
218 2647 312 2712 τῆς
342 2646 634 2713 ἁμαρτίας
662 2645 746 2714 τῷ
778 2645 1021 2714 δακτύλῳ
1045 2645 1225 2707 αὐτοῦ,
1255 2647 1345 2696 καὶ
1375 2660 1431 2700 -Ξ-
1462 2646 1562 2697 δὼ-

25 2749 87 2784 σει
116 2733 135 2798 1
177 2735 264 2785 ἐπὶ
287 2733 356 2784 τὰ
384 2735 606 2802 κέρατα
658 2734 758 2786 τοῦ
788 2735 1166 2803 θυσιαστηρίου
1215 2733 1318 2786 τῶν
1345 2733 1565 2785 ὁλοκαυ-

23 2823 268 2888 τωμάτων,
294 2825 389 2876 καὶ
420 2825 534 2874 πᾶν
565 2824 632 2874 τὸ
663 2819 808 2892 αἷμα
858 2823 1018 2876 αὑτοῦ
1045 2825 1221 2892 ὲκχεεῖ
1271 2823 1417 2892 παρὰ
1467 2821 1562 2891 τὴν

26 2909 150 2974 βάσιν
173 2913 260 2964 τοῦ
288 2912 702 2982 θυσιαστηρίου
732 2913 838 2964 τῶν
866 2911 1438 2983 ὀλοκαυτωμὰτωνβϐ.
1458 2912 1564 2964 Kal.

26 3002 109 3049 πᾶν
131 3001 186 3050 τὸ
209 3003 371 3073 στέαρ
410 3003 584 3055 αὐτοῦ
645 3002 858 3054 ἀνοίσει
911 3004 1000 3054 ἐπὶ
1051 3003 1108 3054 τὸ
1162 3001 1562 3072 θυσιαστήριον,

25 3086 178 3158 ὥσπερ
225 3090 282 3141 τὸ
333 3092 504 3159 στέαρ
547 3090 756 3153 θυσίας
791 3090 1075 3161 σωτηρίου.
1132 3091 1566 3165 Καὶ-ἐξιλάσεται

185 3222 198 3234 ο
275 3221 290 3234 ο
372 3223 386 3235 ο
470 3220 486 3232 ο
577 3218 594 3233 ο
687 3215 704 3230 ο
790 3219 803 3232 0
886 3215 902 3232 ο
976 3218 993 3236 ο
1071 3219 1086 3234 0
1165 3217 1182 3234 ο
1261 3219 1274 3233 0
1356 3218 1369 3230 ο
1447 3219 1463 3232 ο
1545 3218 1557 3229 ο

3057 389 3161 448 διδ

1655 510 1908 580 sanguine
1940 509 2176 576 imponet
2203 521 2262 562 -ι-
2292 507 2539 564 sacerdos
2567 507 2590 576 1
2626 521 2786 576 super
2804 519 3002 560 cornua
3037 505 3174 558 alta-

1655 602 1728 653 ris
1758 598 2158 668 thymiamatum
2185 609 2245 650 -ι-
2283 595 2680 664 compositionis
2736 595 2758 660 1
2805 594 2946 662 quod
2972 601 3055 646 est
3083 607 3176 646 co-

1654 704 1767 742 ram
1799 687 2041 750 Domino,
2070 686 2208 754 quod
2252 693 2333 739 est
2375 684 2431 737 in
2477 683 2816 737 tabernaculo
2865 681 3174 736 testimonii.

1655 774 1720 826 Et
1751 790 1958 827 omnem
1987 775 2296 843 sanguinem
2321 771 2553 825 effundet
2581 771 2643 822 ad
2668 770 2837 823 basim
2870 770 3051 822 altaris
3077 770 3176 822 ho-

1657 865 2036 924 locaustorum,
2057 863 2198 930 quod
2217 870 2298 916 est
2319 861 2456 929 apud
2480 861 2676 913 ostium
2699 861 3020 913 tabernaculi
3037 860 3178 912 testi-

1657 953 1840 1006 monii.
1871 953 1953 1006 l9.
1988 951 2051 1005 Et
2079 966 2288 1005 omnem
2315 951 2520 1017 adipem
2553 949 2754 1002 auferet
2783 949 2899 1016 ejus
2921 950 2986 1002 ab
3009 963 3093 1014 eo,
3125 957 3179 1002 et

1658 1044 1838 1098 ederet
1860 1058 2018 1111 super
2043 1043 2230 1096 altare.
2261 1041 2350 1095 20.
2377 1040 2442 1094 Et
2466 1040 2622 1094 faciet
2657 1040 2902 1092 vitulum.
2974 1075 2990 1090 .
3067 1075 3081 1089 .
3159 1074 3174 1089 .

1657 1237 1708 1282 et
1735 1227 2107 1298 depropitiabit
2137 1240 2233 1295 pro
2279 1226 2358 1279 eis
2393 1223 2644 1278 sacerdos
2697 1230 2749 1274 et
2775 1219 3069 1274 dimittetur
3101 1217 3181 1273 eis

1662 1332 1721 1372 +
1751 1327 2021 1386 peccatum
2065 1317 2086 1383 1
2128 1317 2214 1368 21.
2250 1314 2314 1367 Et
2362 1314 2580 1368 ederent
2607 1310 2828 1364 vitulum
2856 1323 2915 1362 4-
2946 1315 3114 1362 totum
3155 1307 3176 1375 1

1658 1414 1804 1457 extra
1827 1411 2018 1456 castra.
2046 1403 2110 1456 Et
2131 1401 2442 1455 comburent
2462 1398 2708 1461 vitulum,
2732 1395 3180 1465 quemadmodum

1658 1488 2064 1541 combusserunt
2092 1486 2314 1540 vitulum
2345 1485 2570 1554 priorem
2601 1502 2614 1537 :
2649 1482 2852 1553 peccati
2889 1482 3180 1551 Synagoge

1659 1566 1761 1630 est.

1727 1852 1814 1904 22.
1846 1850 1899 1905 Si
1924 1857 2097 1904 autem
2123 1850 2368 1918 princeps
2391 1849 2704 1918 peccaverit,
2735 1858 2788 1904 et
2813 1849 2998 1903 fecerit
3017 1861 3184 1902 unum

1660 1939 1726 1994 de
1746 1940 1992 1994 omnibus
2019 1939 2282 1992 mandatis
2306 1937 2512 1990 Domini
2535 1937 2626 1990 Dei
2648 1939 2753 2002 sui,
2775 1937 2915 2006 quod
2945 1952 3051 1990 non
3073 1936 3183 1998 ﬁet,

1661 2045 1765 2082 non
1800 2038 2004 2095 sponte,
2037 2037 2088 2080 et
2122 2026 2423 2094 deliquerit,
2459 2026 2544 2079 2'5.
2579 2025 2644 2080 Et
2674 2026 2965 2079 innotuerit
2986 2027 3035 2079 ei
3057 2039 3184 2094 pec-

1660 2128 1855 2184 catum,
1888 2118 2027 2186 quod
2060 2116 2294 2184 peccavit
2314 2117 2368 2169 in
2399 2131 2481 2181 eo,
2513 2125 2566 2170 et
2598 2115 2780 2170 offeret
2808 2131 3002 2169 munus
3029 2128 3185 2168 suum

1662 2206 1886 2259 hircum.
1974 2243 1990 2258 .
2068 2244 2082 2259 .
2159 2246 2172 2258 .

1727 2385 1859 2439 24...
1886 2384 2039 2447 hirci,
2056 2392 2108 2437 et
2126 2383 2443 2452 jugulabunt
2459 2397 2577 2437 eum
2596 2383 2648 2435 in
2675 2383 2812 2444 loco,
2829 2381 2918 2434 ubi
2941 2381 3188 2450 jugulant

1661 2469 2086 2522 bolocautomata
2117 2483 2297 2521 coram
2332 2468 2554 2522 Domino
2588 2486 2600 2522 :
2633 2469 2837 2537 peccati
2879 2478 2978 2522 est.
3005 2468 3095 2522 25.
3124 2467 3187 2522 Et

1662 2553 1895 2620 imponet
1921 2553 2168 2606 sacerdos
2197 2554 2262 2607 de
2291 2554 2570 2624 sanguine,
2603 2555 2694 2623 qui
2736 2555 2938 2622 peccati
2971 2563 3072 2618 est,
3103 2553 3186 2609 di-

1661 2641 1770 2709 gito
1803 2655 1920 2703 suo,
1953 2650 2005 2694 et
2029 2655 2089 2694 -ι-
2114 2641 2260 2696 dabit
2307 2643 2327 2708 ζ
2378 2657 2538 2711 super
2585 2658 2784 2696 cornua
2831 2643 3014 2697 altaris
3040 2643 3192 2696 holo-

1661 2738 2150 2784 cautomatumzet
2197 2745 2410 2784 omnem
2475 2733 2788 2800 sanguinem
2847 2731 2962 2800 ejus
3020 2731 3192 2785 eii'un-

1662 2817 1748 2870 dct
1775 2818 1838 2870 ad
1863 2818 2031 2872 basim
2066 2819 2250 2872 altaris
2303 2818 2786 2872 holocautomatum
2823 2818 2951 2873 :26.
2973 2816 3038 2872 Et
3073 2833 3190 2871 om-

1663 2921 1782 2960 nem
1810 2907 2015 2975 adipem
2038 2907 2155 2972 ejus
2181 2907 2363 2960 oﬂ'eret
2395 2923 2554 2976 super
2593 2908 2778 2973 altare,
2809 2907 2948 2962 sicut
2974 2908 3183 2976 adipem

1667 2997 1912 3052 sacriﬁcii
1947 2997 2212 3053 salutaris.
2238 2997 2304 3052 Et
2324 2997 2832 3068 dcpropitiabitpro.
2894 3038 2908 3052 .
2984 3038 3000 3053 .
3080 3033 3096 3050 .

1635 3217 1648 3231 ο
1728 3218 1742 3231 ο
1822 3215 1835 3228 0
1917 3217 1928 3228 ο
2010 3215 2024 3228 0
2103 3217 2118 3230 ο
2199 3215 2214 3230 0
2294 3214 2308 3228 0
2387 3214 2402 3231 ο
2483 3217 2496 3230 ο
2576 3217 2588 3230 ο
2671 3215 2684 3229 0
2763 3213 2778 3230 ο
2857 3217 2872 3232 0
2951 3216 2966 3232 0
3045 3215 3060 3231 ο
3133 3213 3168 3234 ν

300 3357 730 3410 ΣῪΜΜΑΧΟΣ.
1592 3354 1663 3404 0'.
2495 3349 2863 3403 ΘΕΟΔΟΤῙΩΝ

83 3515 128 3568 2.
166 3518 245 3570 Ἐν
275 3518 490 3589 ἀγνοίᾳ.
1179 3515 1233 3567 2.
1275 3514 1572 3574 Ἀκουσίως.
1677 3535 1682 3540 ’
2256 3510 2311 3564 2.

87 3605 130 3656 3.
1184 3603 1236 3656 '5.
1268 3601 1370 3653 Τοῦ
1395 3603 1479 3652 τὸν
1507 3601 1629 3652 λαὸν
1651 3600 1925 3669 ἁμαρτεῖν.
2258 3600 2310 3653 5.

1185 3688 1317 3756 Περὶ
1341 3687 1436 3753 τῆς
1459 3685 1742 3754 ἁμαρτίας.
1788 3685 2024 3746 Ἀλλος,
2040 3684 2120 3744 είς

1126 3755 1212 3826 τὴν
1241 3755 1524 3824 ἁμαρτίαν.

90 3847 138 3904 4.
1181 3841 1236 3894 4.
1263 3839 1539 3911 Προσάξει.
1564 3840 1798 3900 Ἄλλος,
1830 3835 2116 3905 προσοίσει.
2256 3843 2307 3898 4,

90 3939 137 3993 6-
1184 3927 1235 3980 6.
1259 3927 1409 3978 Κατὰ
1453 3924 1513 3976 τὸ
1557 3923 1958 3993 καταπέτασμα.
1992 3923 2122 3974 Ἀλ-
2257 3930 2305 3987 6.

1117 3999 1242 4060 λος,
1282 3996 1374 4047 σὺν
1401 3993 1476 4062 τῷ
1524 3991 1789 4062 προσώπῳ
1834 3989 1926 4041 τοῦ
1960 4006 2122 4042 κατα-

1117 4080 1474 4132 πετασματος.

1186 4153 1237 4206 7.
1263 4155 1370 4222 Τῆς
1408 4150 1719 4211 συνθέσεως.
1753 4151 1987 4213 Ἀλλος,
2016 4148 2120 4200 τῶν
2255 4153 2309 4208 7,

1118 4220 1435 4291 ἀρωμάτων.

1190 4319 1307 4371 Τῶν
1359 4314 1823 4384 ὁλοκαυτωμάτων.
1883 4314 2119 4384 Ἄλλος,

1117 4386 1212 4454 τῆς
1263 4381 1680 4446 ὁλοκαυτώσεως.
1728 4385 1963 4446 Ἄλλος,
2025 4381 2122 4450 τῆς

1118 4455 1463 4522 καρπώσεως.

1189 4541 1343 4611 Παρὰ
1365 4610 1370 4611 ί
1395 4541 1487 4610 τὴν
1553 4540 1722 4608 βάσιν.
1756 4539 1993 4601 Ἄλλος,
2021 4537 2112 4587 ἐπὶ

1117 4607 1205 4658 τὸν
1230 4607 1489 4679 θεμέλιον.

295 4725 681 4784 SYMMACHU
693 4722 762 4780 S.
1283 4723 1421 4776 LXX
1454 4721 1938 4776 INTERPRETES.
2484 4714 2865 4773 THEODOTIO

112 4838 156 4894 2.
185 4839 235 4896 ln
267 4844 588 4915 ignorantia.
1183 4836 1239 4888 2.
1261 4835 1374 4890 Non
1407 4848 1611 4906 sponte.
2262 4831 2316 4884 2.

115 4926 160 4979 ὅ.
1185 4921 1240 4974 5.
1278 4921 1346 4977 Ut
1378 4925 1602 4992 populus
1631 4931 1890 4991 peccaret.
2257 4923 2312 4980 3.

1184 5007 1292 5065 Pro
1313 5023 1543 5081 peccalo.
1562 5013 1729 5073 Alius,
1753 5012 1804 5064 in
1822 5020 2111 5079 peccatum.

115 5101 158 5151 4.
1185 5099 1243 5152 4.
1269 5101 1526 5155 Adducet.
1550 5133 1563 5151 Α

1668 5118 1719 5165 :s,
1743 5101 1959 5155 adferet.
2258 5096 2312 5150 ι.

118 5185 162 5239 θ.
1188 5184 1242 5237 6.
1257 5187 1336 5240 Ad
1349 5189 1837 5252 velum.Alius,cum
1854 5187 2115 5243 facieveli.
2257 5184 2310 5240 6.

131 5270 180 5332 '1.
1116 5270 1244 5393 mg].
1261 5276 1688 5344 Compositionis.
1716 5277 1885 5341 Alius,
1912 5290 2117 5330 aroma-
2251 5269 2308 5330 7.

1192 5426 1660 5485 Holocaustorum.
1688 5432 1796 5494 AL,
1832 5431 2114 5485 oblationis

1115 5493 1434 5553 holocausti.
1466 5500 1640 5566 Alius,
1663 5493 1962 5554 oblationis.

1183 5581 1264 5634 Ad
1325 5586 1519 5642 basim.
1573 5585 1740 5653 Alius,
1800 5587 1866 5640 ad
1924 5584 2118 5641 funda-

1111 5657 1375 5708 mentum.
