3670 6356
467 393 565 439 bl)?

469 502 645 554 domo.
673 498 760 552 36.
789 496 853 550 Et
873 495 1140 566 praecipiet
1172 495 1416 550 sacerdos
1450 497 1592 551 vasis
1620 512 1846 551 vacuare
1891 496 1985 548 do-

471 603 638 651 mum,
663 588 970 656 priusquam
995 586 1264 654 ingressus
1292 586 1538 640 sacerdos
1567 587 1740 640 videat
1768 595 1983 648 tactum,

393 724 400 730 .
467 686 523 730 et
554 691 660 729 non
691 677 799 729 sint
829 675 1100 729 immunda
1134 690 1460 745 quarcunque
1493 675 1687 730 fuerint
1720 676 1770 728 in
1805 673 1984 726 domo.

472 767 535 819 Et
561 774 681 834 post
705 766 816 819 haec
846 766 1171 833 ingredietur
1195 768 1441 820 sacerdos
1472 767 1535 820 ad
1565 764 1984 835 cognoscendam

469 857 705 908 domum.
750 855 837 909 57.
878 855 943 908 Et
974 856 1194 924 aspiciet
1224 864 1420 911 tactum
1448 874 1461 909 :
1495 867 1547 910 et
1579 871 1701 910 ecce
1730 864 1901 909 tactus
1930 853 1982 906 in

469 942 759 1010 parietibus
794 941 1003 1004 domus,
1057 944 1309 998 caritates
1360 945 1648 999 viridantes
1699 943 1778 997 vel
1827 943 1984 996 rube—

470 1040 698 1093 scentes,
727 1039 778 1084 et
805 1039 1049 1099 aspectus
1074 1046 1257 1086 eorum
1289 1032 1537 1085 humilior
1557 1031 1868 1100 parietibus.
1893 1029 1982 1084 38.

470 1121 534 1175 Et
561 1136 803 1190 egressus
829 1124 1074 1177 sacerdos
1111 1138 1142 1177 e
1172 1125 1329 1177 domo
1371 1124 1438 1177 od
1468 1125 1662 1177 ostium
1691 1123 1903 1184 domus,
1934 1130 1987 1175 et

471 1210 766 1278 segregabit
819 1211 1069 1265 sacerdos
1098 1211 1314 1264 domum
1363 1221 1559 1278 septem
1610 1210 1740 1263 dies.
1792 1210 1876 1263 39.
1928 1208 1991 1261 Et

470 1297 657 1351 redibit
677 1297 922 1351 sacerdos
945 1297 1027 1350 die
1048 1297 1288 1366 septimo,
1315 1306 1366 1350 et
1386 1297 1606 1366 aspiciet
1628 1311 1687 1351 -ε-
1712 1297 1927 1350 domum
1961 1297 1982 1363 ζ

468 1397 522 1440 et
553 1403 672 1442 ecce
701 1389 922 1444 diﬂ‘usus
950 1398 1031 1443 est
1059 1397 1228 1443 tactus
1258 1390 1310 1441 in
1342 1388 1630 1456 parietibus
1659 1389 1866 1441 domus.
1898 1385 1986 1439 40.

471 1479 535 1532 Et
567 1479 832 1547 praecipiet
860 1480 1125 1544 sacer-dos,
1153 1489 1205 1531 et
1234 1487 1420 1532 eruent
1460 1478 1660 1544 lapides
1691 1477 1744 1529 in
1792 1477 1988 1545 quibus

469 1578 552 1623 est
576 1579 771 1634 tactus,
799 1579 851 1623 et
872 1570 1087 1638 ejicient
1111 1584 1203 1623 eos
1243 1580 1390 1622 extra
1425 1567 1688 1621 civitatem
1725 1567 1777 1619 in
1807 1566 1983 1619 locum

471 1661 940 1716 immundumJl.
985 1659 1049 1714 Et
1095 1661 1311 1714 domum
1357 1660 1543 1712 radent
1572 1658 1904 1711 extrinsecus
1937 1655 1988 1707 in

469 1749 713 1813 circuitu,
742 1760 794 1803 et
830 1751 1097 1804 eﬂ’undent
1125 1750 1392 1818 pulverem
1427 1751 1493 1814 >κ
1520 1761 1674 1815 quem
1699 1754 1942 1798 raserunt
1967 1745 1987 1810 ζ

470 1849 614 1892 extra
647 1840 912 1894 civitatem
961 1841 1014 1893 in
1056 1841 1227 1893 locum
1277 1837 1633 1892 immundum.
1680 1835 1768 1888 42.
1803 1833 1866 1886 Et
1905 1848 1994 1886 su-

469 1938 615 1982 ment
665 1930 865 1998 lapides
899 1944 962 1985 +
999 1932 1195 1998 rasos:
1228 1930 1379 1993 alios,
1415 1936 1470 1981 et
1498 1935 1692 1996 ponent
1737 1938 1833 1992 pro
1865 1922 1998 1989 lapi-

470 2019 666 2086 dibus;
713 2029 764 2074 et
795 2021 1066 2089 pulverem
1116 2021 1277 2074 alium
1308 2027 1537 2084 sument,
1589 2025 1642 2070 et
1687 2016 1873 2068 linient
1900 2013 1994 2066 do-

473 2124 638 2162 mum.
668 2110 755 2164 45.
804 2110 858 2162 Si
893 2117 1069 2164 autem
1101 2109 1315 2164 redierit
1347 2124 1558 2162 rursum
1605 2113 1795 2167 tactus,
1825 2111 1878 2156 et
1909 2117 1993 2154 re-

472 2197 742 2264 pullularit
765 2201 818 2252 in
848 2199 1009 2254 domo
1040 2207 1317 2269 postquam
1347 2198 1482 2254 eruti
1526 2197 1740 2251 fuerunt
1767 2191 1990 2260 lapides,

1413 381 1875 438 HEXAPLORUM
1919 379 2080 445 ρυιΕ
2121 379 2425 435 SUPEllSU
2441 381 2546 433 ΝΤ.

3575 377 3640 433 6οἰ

2094 507 2252 579 οἰκίᾳ.
2287 507 2373 562 56.
2402 508 2512 560 Καὶ
2539 501 2859 575 προστάξει
2893 497 2926 549 ὁ
2964 493 3153 566 ἱερεὺς
3198 493 3546 548 ἀποσκευασαι
3573 500 3640 568 τὴν

2093 599 2264 650 οἰκίαν
2293 598 2397 668 πρὸ
2425 596 2518 648 τοῦ
2553 592 2891 647 εἰσελθόντα
2915 587 3021 639 τὸν
3069 584 3224 654 ἱερέα
3257 583 3380 635 ἰδεῖν
3413 583 3500 655 τὴν
3525 586 3640 658 ἁφὴν,

2094 688 2183 740 καὶ
2206 688 2265 739 οὐ
2296 687 2368 756 μὴ
2391 685 2682 754 ἀκάθαρτα
2713 682 2966 750 γένηται
2994 675 3104 728 ὅσα
3126 673 3222 726 ἐὰν
3245 675 3303 726 ὲν
3318 676 3382 744 τῇ
3407 676 3553 746 οἰκίᾳ.
3571 679 3640 733 Καὶ

2095 779 2231 847 μετὰ
2274 776 2445 830 ταῦτα
2491 772 2885 827 εἰσελεύσεται
2919 769 2948 820 ὁ
3007 765 3199 835 ἱερεὺς
3239 763 3552 833 καταμαθεῖν
3579 768 3640 838 τὴν

2091 868 2283 920 οἰκίαν.
2317 867 2405 922 57.
2437 865 2546 918 Καὶ
2575 864 2780 932 ὄψεται
2811 859 2924 927 τὴν
2968 855 3149 926 ἁφὴν,
3178 854 3274 908 καὶ
3304 852 3407 907 ἰδοὺ
3441 857 3474 925 ὴ
3503 857 3640 924 ἀφὴὲν

2092 962 2200 1022 τοῖς
2227 959 2423 1027 τοίχοις
2449 957 2550 1024 τῆς
2579 955 2788 1018 οἰκίας,
2824 948 3102 1010 κοιλάδας
3121 945 3483 1015 χλωριζούσας
3507 947 3537 1017 ἢ
3560 953 3640 1018 τωρ

2095 1047 2363 1118 ριζούσας,
2394 1048 2489 1098 καὶ
2514 1047 2548 1114 ἡ
2585 1043 2713 1112 δψις
2735 1039 2940 1094 αὐτῶν
2961 1036 3339 1106 ταπεινοτέρα
3364 1034 3467 1089 τῶν
3488 1038 3640 1107 τοίχων,

2092 1138 2178 1191 58.
2211 1139 2318 1190 Καὶ
2345 1135 2575 1201 ἐξελθὼν
2608 1136 2637 1186 ὁ
2674 1133 2871 1205 ἱερεὺς
2905 1132 2973 1182 ἐκ
3003 1129 3113 1198 τῆς
3147 1127 3329 1190 οἰκίας
3365 1129 3454 1178 ἐπὶ
3480 1129 3640 1198 τὴνΘῶ

2097 1246 2191 1299 ραν
2219 1229 2315 1297 τῆς
2341 1227 2536 1289 οἰκίας,
2559 1227 2654 1278 καὶ
2685 1223 2926 1292 ἀφοριεί
2952 1223 2983 1273 ὁ
3017 1221 3208 1290 ἱερεὺς
3239 1218 3338 1290 τὴν
3365 1218 3528 1272 οἰκίαν
3555 1222 3640 1274 ἑπτὰ

2090 1317 2317 1386 ἡμέρας.
2349 1316 2434 1370 59.
2462 1315 2572 1367 Καὶ
2595 1312 2874 1384 ἐπανήξει
2921 1311 2952 1363 ὁ
2993 1310 3188 1381 ἱερεὺς
3209 1311 3276 1378 τῇ
3309 1309 3486 1378 ἡμέρᾳ
3518 1311 3640 1378 ch-lia

2091 1405 2247 1476 δὸμῃ,
2269 1406 2363 1458 καὶ
2395 1404 2585 1472 ὄψεται
2619 1417 2685 1458 σε-
2723 1403 2832 1472 τὴν
2883 1399 3076 1454 οἰκίαν
3113 1399 3139 1466 ζ
3167 1399 3266 1452 καὶ
3295 1397 3401 1452 ἰδοὺ
3428 1398 3640 1471 διεχύθηή

2092 1497 2202 1565 ἁφὴ
2235 1498 2290 1548 ὲν
2320 1499 2430 1558 τοῖς
2462 1495 2667 1563 τοίχοις
2699 1495 2805 1564 τῆς
2839 1491 3054 1555 οἰκίας.
3085 1490 3183 1544 40.
3217 1489 3332 1544 Καὶ
3358 1489 3640 1557 προστάξειί

2096 1588 2292 1656 ἱερεὺς,
2322 1586 2416 1638 καὶ
2445 1583 2691 1650 ὲξελοῦσι
2714 1586 2850 1646 τοὺς
2881 1582 3078 1645 λίθους
3108 1583 3170 1634 ὲν
3205 1574 3291 1644 οἷς
3317 1581 3460 1634 ἐστιν
3501 1583 3530 1652 ἡ
3560 1583 3640 1650 ἁφὴ,

2094 1677 2187 1729 καὶ
2220 1677 2538 1730 ἐκϐαλοῦσιν
2592 1676 2798 1737 αὐτοὺς
2832 1672 2948 1737 ἔξω
3004 1673 3114 1742 τῆς
3147 1671 3362 1733 πόλεως
3412 1672 3487 1733 εἰς
3535 1671 3640 1723 τόποι

2091 1766 2415 1835 ἀκάθαρτον,
2451 1766 2541 1819 41.
2581 1767 2694 1819 Kal.
2718 1765 2822 1834 τὴν
2867 1763 3067 1817 οἰκίαν
3113 1759 3476 1825 ἀποξύσουσιν
3508 1759 3640 1824 ἔξωθεν

2092 1858 2292 1925 κύκλῳ.
2332 1859 2441 1910 Καὶ
2474 1857 2732 1925 ὲκχεοῦσι
2761 1856 2860 1909 τὸν
2889 1855 3031 1925 χοῦν
3064 1858 3138 1922 3K
3167 1854 3228 1906 δν
3262 1852 3522 1917 άπέξυσαν
3545 1854 3640 1920 ζίξω

2088 1947 2185 2015 τῆς
2218 1945 2421 2008 πόλεως
2444 1949 2522 2008 εἰς
2553 1946 2720 1998 τόπον
2753 1945 3108 2016 ἀκάθαρτον.
3142 1944 3240 1999 42.
3269 1944 3378 1997 Καὶ
3411 1942 3640 2014 λήμψονται

2089 2033 2264 2097 λίθους
2310 2049 2369 2089 -ξ-
2405 2034 2830 2104 άπεξυσμένους
2869 2035 2895 2102 ζ
2935 2035 3176 2105 ἑτέρους
3201 2034 3300 2086 καὶ
3338 2032 3640 2102 ἀντιθήσουσιν

2091 2124 2209 2176 ἀντὶ
2234 2124 2340 2176 τῶν
2371 2123 2555 2185 λίθων,
2607 2126 2702 2176 καὶ
2737 2124 2871 2194 χοῦν
2895 2124 3100 2196 ἕτερον
3131 2123 3436 2193 λήμψονται
3469 2122 3548 2176 καὶ
3589 2122 3640 2185 ἐξ·

2091 2210 2371 2282 αλείψουσι
2401 2214 2502 2283 τὴν
2523 2213 2730 2268 οἰκίαν.
2756 2214 2851 2268 45.
2870 2214 3006 2267 Ἐὰν
3027 2214 3091 2267 δὲ
3115 2213 3329 2284 ἐπέλθῃ
3351 2213 3496 2266 πάλιν
3512 2217 3538 2282 ὴ
3554 2214 3640 2281 ἁφὴ.

1663 2327 1910 2389 CAPUT
1940 2322 2082 2384 XIV
2115 2318 2489 2379 LEVlTICl.

729 2475 815 2529 'ro
844 2477 1201 2531 EBPAIKON.
1815 2471 1900 2523 T0
1937 2463 2276 2534 EBPAIKON
3027 2469 3344 2523 ΑΚΥΛΔΣ.

1725 2539 2049 2608 Ἑλληνικοῖς
2073 2533 2380 2603 γράμμασι.

1195 2645 1334 2696 κε’-ιλ
1373 2639 1406 2690 5
1614 2637 1666 2689 5.
2710 2626 2768 2680 5.

1159 2731 1339 2781 ειν-πον
1374 2723 1408 2774 4
1612 2727 1664 2778 4.
2707 2717 2764 2770 4.

1097 2796 1268 2874 hylam
1290 2821 1410 2870 mm
2709 2805 2988 2877 Διάφορον
3023 2808 3362 2880 σκώληκος.

1205 2911 1341 2961 mm
1377 2903 1409 2954 6
1614 2901 1666 2952 6.
2710 2901 2768 2956 6.

959 3000 1117 3049 mn
1153 2974 1339 3052 ’.ιε-59
1377 2989 1407 3039 7
1617 2993 1668 3048 7.

1319 3001 1339 3048 7
1377 2989 1407 3039 7
1617 2993 1668 3048 7.
2714 2992 2768 3045 7.

1157 3157 1310 3206 anno
1346 3147 1410 3199 10
1617 3150 1698 3205 10.
2710 3150 2806 3203 10.

1139 3221 1304 3296 ωαγκὸ
1345 3237 1408 3288 12
1625 3238 1706 3289 12.

1360 3237 1408 3288 l2
1625 3238 1706 3289 l2.
2718 3239 2809 3292 12.

1211 3379 1412 3455 A‘rnm

1210 3493 1307 3543 R731
1345 3483 1411 3535 15
1625 3483 1711 3535 15.
2148 3509 2152 3514 ·
2720 3486 2815 3542 15.

1157 3652 1308 3726 qum
1344 3643 1414 3695 at
1619 3641 1706 3694 24.
2719 3645 2818 3698 ει.

1244 3739 1408 3791 ΠΞῚΞΠ

1039 3804 1307 3906 prin-5m
1343 3819 1410 3872 55
1615 3821 1704 3873 55.
2715 3816 2811 3872 55.

1139 3960 1313 4038 mnus
1345 3978 1414 4032 54
1617 3978 1704 4031 δι.

1362 3978 1414 4031 54
1617 3978 1704 4031 54.
2716 3975 2811 4030 54.

559 4157 800 4214 VERSIO
837 4158 1150 4216 HEBllAlCl
1182 4160 1383 4216 TEXT.
1753 4159 2068 4216 VULGATA
2120 4158 2390 4214 LATINA.
3055 4169 3339 4234 AQUILA.

540 4277 594 4332 5.
628 4277 856 4333 Sanatus
880 4288 978 4332 est.
1623 4283 1674 4334 3.
1717 4281 1846 4336 Esse
1877 4262 2209 4335 mundatam.
2723 4281 2779 4334 3.

543 4446 597 4489 4.
640 4439 913 4491 Passeres.
1623 4441 1674 4492 ι.
1702 4438 1971 4493 Passeres.
2719 4419 2775 4471 "
2812 4490 2823 4501 .

543 4525 772 4579 Coccum
794 4527 1086 4580 vermiculi.
1625 4527 2114 4604 Vermiculumque.
2723 4529 2957 4592 Varium
2987 4540 3273 4596 vermiculi

543 4616 595 4666 6.
627 4612 835 4668 Vivum.
1622 4622 1674 4676 6.
1715 4620 1924 4675 Vivum.
2721 4621 2778 4677 6.

549 4704 599 4758 7.
643 4703 813 4773 Super
844 4704 1008 4761 facies
1039 4707 1172 4776 agri.
1626 4714 1674 4766 7.
1703 4713 1759 4766 ln
1793 4729 2000 4782 agrum.
2730 4713 2783 4766 7.

548 4864 634 4918 10.
669 4865 879 4922 Munus.
1625 4871 1712 4926 10.
1744 4870 2095 4926 Sacriﬁcium.
2724 4873 2814 4930 10.

553 5019 636 5072 12.
661 5018 717 5073 ln
739 5023 1007 5078 delictum.
1625 5029 1713 5083 12.
1747 5029 1852 5083 Pro
1877 5028 2085 5082 delicto.
2726 5033 2816 5086 12.

552 5105 682 5174 ιοε·
1628 5119 1786 5172 Sexta
1795 5119 1946 5171 rium.

553 5196 638 5249 15-
673 5195 802 5263 Ipse
1627 5210 1711 5262 15.
1748 5208 1858 5263 Est.

1627 5210 1711 5262 15.
1748 5208 1858 5263 Est.
2723 5211 2814 5266 15.

550 5289 640 5342 ξι.
676 5289 950 5346 Motitabit.
1627 5299 1715 5350 24.
1759 5296 1990 5351 Levabit.

1627 5299 1715 5350 24.
1759 5296 1990 5351 Levabit.
2722 5300 2812 5354 94.

551 5377 958 5434 Motitationem.
1639 5386 1819 5438 Vacat.

554 5534 642 5588 55.
681 5534 744 5588 Et
769 5534 968 5588 Aaron.
1628 5546 1714 5600 55,
1755 5543 1822 5597 Et
1847 5544 2003 5597 Aaron

1628 5546 1714 5600 55.
1755 5543 1822 5597 Et
1847 5544 2043 5597 Aaron.
2723 5551 2814 5606 55.

553 5625 640 5680 δι,
679 5623 734 5678 in
774 5625 1178 5690 possessionem.
1626 5636 1710 5689 54.
1751 5634 1806 5688 in
1835 5631 2245 5704 possessionem.
2722 5641 2813 5696 34.
