3670 6350
501 376 600 431 610

499 504 615 540 esse
641 487 913 541 inferatur.

659 557 709 608 7.
739 558 931 624 Ἀλλ..
954 555 1049 622 τῆς
1082 554 1295 624 σαρκός.
1320 553 1399 624 Ex
1428 553 1728 607 Basiliensi.

570 622 628 676 ιτ.
661 624 710 677 8.
749 625 822 693 Ἀ.
846 622 959 693 [ἐὰν
985 622 1300 693 ἐπιπτῦσῃ.]
1320 622 1465 675 Hanc
1494 625 1790 675 versionem
1813 639 2027 693 expres-

500 693 666 744 simus
706 707 767 745 ex
811 690 995 743 liatina
1041 690 1250 758 Aquilai
1274 690 1730 758 interpretatione,
1758 707 1916 759 quam
1948 690 2027 743 af-

500 762 604 828 fert
628 760 865 828 lsychius
898 761 999 828 sic,
1032 760 1239 828 Aquila,
1273 761 1317 813 si
1350 761 1714 827 superspuerit.

563 827 738 881 v.15.
782 830 852 880 Τὸ
888 827 1041 897 σῶμα
1073 828 1233 880 αὐτοῦ
1274 829 1417 880 ῦδατι
1453 828 1631 890 ζῶντι.
1678 828 1750 879 Ex
1798 827 2025 880 editione

502 897 753 950 Rotttana.

1531 372 1989 426 HEXAPLORUM
2029 370 2190 436 QUAE
2232 368 2444 425 SUPER
2456 370 2657 425 SUNT.
3513 374 3558 425 6‘.‘

2198 485 2259 538 ν.
2317 488 2401 539 19.
2448 488 2645 545 ’Ἄλλη
2700 484 3071 553 μετακινήσει.
3120 480 3192 533 Ex
3233 482 3482 553 Basiliensi.
3522 488 3556 539 S

2128 561 2351 622 quentes
2387 569 2509 616 vero
2543 552 2813 607 lectiones
2846 552 3035 623 Graece
3081 552 3405 623 expressimus
3436 569 3486 623 et
3512 555 3558 623 IS}

2127 618 2250 675 chio
2272 662 2285 683 ,
2318 624 2408 689 qui
2450 623 2529 676 sic
2574 623 2741 674 habet
2768 637 2782 671 :
2818 639 2838 671 ι
2871 619 3027 689 Quid
3062 618 3226 672 dixit:
3254 619 3428 687 Septem
3457 618 3557 675 dicbi

2126 688 2793 759 separabitur?quodialii
2818 728 2833 752 ,
2865 689 2987 741 Erit
3012 688 3066 741 in
3093 690 3369 759 purgatione
3398 706 3491 742 sua.
3518 693 3558 744 ΑΙ

2125 774 2252 811 vero
2282 758 2622 827 interpretes,
2657 758 2724 810 In
2754 758 3089 825 separatione
3112 758 3375 827 iniquitatis
3399 761 3558 814 simul

2126 836 2325 887 autem,
2364 826 2591 879 Miseria?
2647 827 2963 879 ediderunt.
3002 844 3020 875 ο

2200 894 2259 948 V.
2301 894 2489 948 20-25.
2540 895 2864 956 Lectiones,
2898 910 3019 964 quae
3046 894 3274 949 eamdem
3301 909 3457 950 vocem
3498 908 3558 956 an

1042 1059 1277 1112 CAPUT
1309 1059 1446 1113 XVI
1476 1057 1834 1121 LEVITICI,
1868 1056 1965 1109 EX
1998 1056 2253 1111 EODEM
2291 1058 2569 1112 CODICE
2593 1057 2961 1113 COLBERT.
2991 1056 3148 1111 5081.

566 1197 614 1249 l.
657 1196 721 1249 Et
760 1197 967 1252 locutus
999 1206 1082 1253 est
1110 1197 1364 1253 Dominus
1406 1199 1469 1252 ad
1498 1198 1710 1268 Moysen
1743 1208 2023 1266 postquam

495 1286 728 1361 defuncti
760 1295 884 1341 sunt
910 1287 1015 1340 duo
1046 1287 1138 1340 lilii
1166 1288 1378 1353 Aaron,
1412 1303 1533 1342 cum
1569 1288 1817 1342 oll'errent
1848 1289 2021 1357 ignem

494 1378 725 1431 alienum
753 1386 875 1431 ante
908 1377 1214 1439 Dominum,
1245 1387 1297 1432 et
1320 1378 1512 1431 mortui
1538 1386 1682 1432 sunt.
1722 1378 1773 1430 2.
1802 1378 1864 1430 Et
1894 1378 2026 1431 dixit

496 1465 753 1520 Dominus
798 1466 865 1519 ad
909 1465 1119 1535 Moysen
1172 1484 1186 1519 :
1234 1465 1476 1536 Loquere
1505 1467 1569 1521 ad
1596 1467 1773 1521 Aaron
1807 1466 2021 1522 fratrem

496 1566 668 1621 tuum,
694 1565 747 1610 et
776 1572 840 1611 ne
868 1558 1193 1627 ingrediatur
1233 1559 1378 1612 omni
1405 1560 1534 1613 hora
1569 1559 1633 1613 ad
1663 1568 1905 1614 sanctum
1938 1561 2023 1614 in-

493 1646 661 1700 terius
704 1646 981 1699 velaminis
1020 1647 1084 1699 ad
1130 1647 1318 1701 faciem
1346 1648 1720 1716 propitiatorii,
1773 1649 1914 1717 quod
1943 1658 2025 1703 est

496 1748 656 1802 super
686 1749 864 1788 arcam
894 1748 952 1788 σε·
993 1737 1279 1791 testimonii
1311 1739 1332 1805 ζ
1369 1746 1421 1791 et
1449 1754 1554 1792 non
1585 1740 1865 1793 morietur.
1892 1738 2021 1792 Nam

497 1824 550 1875 in
597 1822 739 1877 nube
767 1825 1032 1892 apparebo
1064 1840 1220 1893 super
1247 1826 1690 1895 propitiatorium.
1730 1829 1783 1881 5.
1823 1827 1911 1883 Sic
1944 1829 2024 1882 in-

495 1909 764 1976 gredietur
786 1912 962 1963 Aaron
992 1912 1044 1964 in
1076 1922 1318 1966 sanctum
1353 1914 1405 1967 in
1442 1915 1601 1967 vitulo
1631 1930 1692 1969 ex
1736 1916 1902 1970 bobus
1927 1933 2024 1985 pro

493 2006 732 2066 peccato,
755 2007 808 2051 et
835 1999 1051 2053 arietem
1081 2001 1135 2053 in
1161 2001 1528 2056 holocaustum
1566 2022 1580 2055 .
1617 2005 1668 2056 4.
1696 2002 1760 2056 Et
1789 2004 2023 2058 tunica’m

494 2088 686 2142 lineam
714 2090 1095 2145 sanctificatam
1118 2092 1318 2157 induet,
1339 2102 1394 2146 et
1418 2093 1674 2148 femorale
1704 2095 1902 2149 lineum
1925 2097 2025 2149 erit

496 2191 653 2244 super
685 2191 879 2246 corpus
900 2177 1038 2246 ejus,
1069 2188 1121 2233 et
1146 2192 1277 2232 zona
1313 2178 1451 2233 linea
1486 2178 1747 2248 cingetur,
1795 2188 1848 2233 et
1876 2180 2023 2234 cida-

494 2267 594 2319 rim
636 2266 831 2322 lineam
878 2268 1280 2336 circumponet:
1310 2269 1621 2323 vestimenta
1652 2278 1834 2323 sancta
1878 2278 2021 2323 sunt.

495 2356 561 2410 Et
586 2358 783 2412 lavabit
818 2373 953 2427 aqua
985 2366 1152 2420 totum
1183 2373 1378 2427 corpus
1412 2373 1590 2423 suum,
1622 2367 1677 2413 et
1698 2358 1882 2412 induet
1912 2374 1973 2413 ea
2007 2378 2019 2411 :

495 2446 548 2500 5.
583 2445 648 2499 Et
671 2461 700 2499 a
729 2461 992 2517 synagoga
1027 2447 1256 2501 ﬁliorum
1285 2447 1444 2502 Israel
1494 2448 1719 2516 accipiet
1746 2447 1880 2502 duos
1907 2447 2021 2501 hir-

495 2551 587 2590 cos
609 2551 674 2590 ex
705 2537 878 2604 capris
911 2551 1008 2606 pro
1034 2546 1269 2605 peccato,
1319 2546 1372 2591 et
1399 2537 1617 2591 arietem
1646 2553 1810 2591 unum
1835 2538 1899 2591 ad
1926 2538 2022 2591 ho‘

494 2625 811 2679 locaustum.
873 2626 923 2679 6.
953 2626 1019 2680 Et
1061 2626 1243 2680 oﬂ‘eret
1282 2626 1457 2680 Aaron
1505 2628 1757 2691 vitulum,
1793 2628 1881 2698 qui
1926 2644 2022 2696 pro

493 2717 711 2776 peccato
741 2723 838 2762 suo
868 2727 881 2761 :
913 2717 966 2762 et
991 2709 1222 2777 expiabit
1244 2724 1341 2778 pro
1368 2726 1424 2766 se
1446 2720 1499 2765 et
1523 2712 1683 2765 domo
1708 2726 1824 2765 sua.
1877 2711 1924 2763 7.
1960 2710 2022 2763 Et

494 2798 719 2866 accipiet
749 2798 885 2851 duos
917 2796 1116 2864 hircos,
1150 2811 1202 2854 et
1234 2808 1429 2855 statuet
1459 2816 1553 2856 eos
1594 2810 1716 2855 ante
1742 2798 2019 2854 Dominum

495 2890 561 2941 ad
610 2888 802 2945 ostium
856 2890 1181 2944 tabernaculi
1231 2891 1536 2945 testimonii.
1592 2890 1643 2944 8.
1682 2890 1746 2944 Et
1788 2891 2023 2958 imponet

494 2981 671 3034 Aaron
692 2994 852 3046 supra
878 2980 1014 3033 duos
1044 2980 1223 3041 hircos
1249 2989 1419 3035 sortes
1464 2998 1479 3034 :
1510 2990 1706 3034 sortem
1738 2995 1896 3033 unam
1924 2978 2022 3033 Do-

495 3064 663 3128 mino,
714 3073 765 3119 et
820 3073 1017 3118 sortem
1068 3081 1227 3120 unam
1282 3067 1577 3121 emissario.
1638 3066 1689 3121 9.
1735 3066 1799 3119 Et
1839 3066 2022 3120 oﬁ‘eret

492 3156 673 3209 Aaron
718 3154 924 3209 hircum
960 3170 1120 3223 super
1164 3171 1319 3225 quem
1373 3156 1678 3224 supervenit
1706 3171 1864 3224 super
1896 3170 2017 3209 eum

496 3257 615 3297 sors
645 3240 890 3305 Domino.
922 3252 974 3298 et
997 3243 1179 3296 oﬂeret
1209 3257 1302 3312 pro
1328 3254 1544 3312 peccato
1569 3263 1583 3297 :
1613 3244 1694 3297 10.
1725 3244 1787 3298 Et
1812 3244 2018 3298 hircum

495 3318 656 3403 super
698 3350 854 3405 quem
884 3335 1186 3404 supervenit
1230 3350 1389 3403 super
1416 3350 1537 3389 eum
1570 3350 1688 3390 sors
1734 3336 2016 3399 emissarii,

495 3432 694 3477 statuet
722 3424 982 3479 viventem
1018 3432 1141 3478 ante
1168 3423 1472 3487 Dominum,
1506 3433 1565 3478 ut
1590 3425 1902 3493 pr0pitietur
1924 3442 2016 3480 su-

492 3526 589 3580 per
610 3526 710 3578 eo;
741 3513 811 3568 ita
844 3522 899 3567 ut
930 3511 1136 3566 emittat
1153 3525 1275 3566 eum
1305 3512 1359 3566 in
1387 3512 1729 3568 emissionem
1756 3527 1817 3567 +
1841 3513 2019 3566 dimit-

494 3609 570 3654 tet
594 3616 714 3656 eum
763 3604 785 3671 ζ
833 3603 885 3656 in
913 3603 1198 3658 desertum.
1258 3603 1343 3658 ll.
1374 3603 1440 3657 Et
1462 3603 1648 3658 oﬂ‘eret
1676 3603 1850 3658 Aaron
1878 3603 2016 3657 vitu-

494 3690 605 3745 lum
627 3706 802 3756 suum,
820 3693 911 3760 qui
937 3708 1036 3762 pro
1063 3700 1301 3762 peccato,
1328 3700 1382 3747 et
1405 3692 1640 3762 expiabit
1657 3707 1753 3763 pro
1770 3707 1829 3747 se
1844 3701 1897 3746 et
1922 3708 2020 3761 pro

494 3782 652 3837 domo
673 3799 788 3839 sua.
825 3784 1164 3853 Etjugulabit
1191 3785 1413 3839 vitulum
1439 3800 1617 3847 suum,
1655 3786 1745 3854 qui
1771 3800 1867 3853 pro
1897 3800 2020 3852 pec-

496 3879 634 3924 cato.
693 3872 774 3924 12.
815 3871 875 3926 Et
903 3883 1073 3927 sumet
1129 3873 1458 3927 thuribulum
1492 3874 1703 3939 plenum
1729 3873 2019 3927 carbonum

497 3960 637 4028 ignis
664 3961 733 4015 ab
765 3961 943 4025 altari,
970 3963 1115 4031 quod
1141 3972 1223 4016 est
1241 3976 1423 4017 coram
1450 3960 1697 4016 Domino.
1750 3961 1814 4015 Et
1838 3963 2023 4031 imple-

493 4051 571 4104 bit
603 4059 794 4104 manus
841 4066 966 4105 suas
1010 4052 1230 4105 incenso
1276 4051 1678 4120 compositionis
1706 4052 1948 4114 subtilis,
1971 4060 2023 4105 et

497 4138 687 4192 inferet
713 4139 849 4192 intra
880 4140 1137 4193 velamen.
1175 4143 1258 4195 15.
1288 4141 1351 4195 Et
1379 4141 1613 4210 imponet
1637 4143 1910 4196 incensum
1939 4157 2024 4195 su-

496 4243 590 4296 per
615 4230 788 4295 ignem
818 4239 937 4283 ante
966 4228 1246 4283 Dominum
1281 4249 1294 4283 :
1325 4238 1377 4285 et
1401 4232 1602 4299 operiet
1623 4247 1786 4300 vapor
1815 4231 2018 4286 incensi

495 4317 943 4386 prOpitiatorium,
978 4320 1116 4387 quod
1147 4329 1230 4373 est
1272 4334 1430 4388 super
1471 4307 1794 4387 testimonia,
1830 4328 1883 4374 et
1912 4333 2019 4373 non

495 4406 772 4461 morietur.
810 4406 891 4461 H.
921 4405 983 4459 Et
1002 4416 1175 4461 sumet
1201 4408 1266 4462 de
1292 4409 1548 4478 sanguine
1565 4411 1713 4463 vituli
1744 4419 1833 4466 :et
1846 4418 2024 4479 asper‘

494 4504 583 4563 get
622 4495 788 4563 digito
836 4510 934 4548 suo
989 4511 1149 4561 super
1192 4498 1615 4565 propitiatorium
1645 4500 1713 4553 ad
1739 4501 2020 4565 orientem,

494 4587 784 4641 secundum
818 4584 1003 4640 faciem
1043 4587 1415 4655 propitiatorii.
1467 4587 1529 4641 Et
1559 4598 1802 4658 asperget
1828 4592 2022 4660 septies

494 4676 559 4729 de
586 4675 845 4743 sanguine
871 4674 1036 4743 digito
1060 4688 1177 4728 suo.
1216 4676 1298 4731 15.
1321 4675 1384 4729 Et
1405 4676 1669 4747 jugulahit
1690 4678 1896 4732 hircum
1927 4688 2022 4748 pro

493 4775 734 4829 peccato,
782 4780 902 4818 eum
932 4765 1068 4833 quia
1094 4766 1286 4832 populo
1301 4774 1382 4819 est
1397 4780 1457 4821 σι-
1476 4777 1599 4821 ante
1616 4765 1899 4821 Dominum
1928 4770 1950 4837 ζ
1969 4777 2023 4824 et

497 4851 683 4907 inferet
698 4855 762 4907 de
788 4854 1045 4922 sanguine
1059 4853 1176 4921 ejus
1203 4854 1338 4908 intra
1361 4856 1616 4909 velamen.
1636 4854 1701 4908 Et
1725 4855 2016 4910 facietsan-

499 4942 707 5004 guinem
723 4942 839 5010 ejus
849 4942 1291 5011 quemadmodum
1305 4942 1428 4999 fecit
1442 4945 1751 5014 sanguinem
1763 4945 1914 4998 vituli
1934 4965 1946 4999 :
1964 4955 2017 5000 et

498 5039 737 5097 asperget
751 5032 1058 5100 sanguinem
1075 5032 1191 5101 ejus
1206 5049 1364 5103 super
1378 5034 1800 5103 propitiatorium
1822 5049 2015 5089 secun-

499 5113 623 5165 dum
644 5113 829 5170 faciem
848 5120 1218 5186 propitiatorii.
1256 5122 1337 5177 l6.
1362 5122 1428 5176 Et
1442 5122 1927 5192 expiabitsanctum
1946 5125 2014 5177 ab

500 5195 847 5254 immunditiis
891 5201 1117 5259 ﬁliorum
1146 5206 1325 5275 Israel,
1355 5221 1407 5265 et
1433 5211 1500 5265 ab
1526 5211 1801 5280 injustitiis
1827 5226 2013 5266 eorum

499 5298 596 5349 pro
611 5286 858 5341 omnibus
870 5295 1094 5355 peccatis
1108 5310 1289 5352 eorum
1309 5318 1323 5353 :
1337 5310 1390 5355 et
1410 5302 1487 5355 sic
1505 5300 1661 5355 faciet
1677 5288 2017 5356 tabernaculo

499 5372 810 5436 testimonii,
832 5372 970 5442 quod
1000 5382 1310 5441 aediﬁcatum
1356 5392 1505 5444 estin
1534 5392 1632 5455 eis,
1651 5392 1703 5444 in
1720 5391 2015 5445 medioim-

499 5460 770 5514 munditia
784 5476 987 5516 eorum.
1006 5466 1087 5521 l7.
1105 5468 1167 5523 Et
1182 5478 1352 5531 omnis
1369 5480 1529 5534 homo
1546 5497 1650 5534 non
1662 5480 1765 5535 erit
1780 5481 1832 5533 in
1850 5480 2017 5534 taber-

500 5549 692 5603 naculo
721 5550 1026 5640 testimonii,
1058 5556 1380 5626 ingrediente
1419 5570 1509 5624 illo
1526 5572 1590 5627 ad
1607 5571 1929 5640 expiandum
1962 5570 2016 5623 in

501 5648 703 5704 sancto,
732 5637 898 5694 donec
927 5642 1209 5702 exierit:et
1236 5655 1467 5721 expiabit
1494 5676 1589 5728 pro
1613 5637 1809 5731 seipse,
1843 5638 1893 5715 et
1918 5675 2017 5729 pro

2195 1200 2242 1251 Ι.
2276 1199 2381 1250 Kal
2415 1198 2644 1267 ὲλάλησε
2689 1199 2897 1267 Κύριος
2942 1197 3077 1266 πρὸς
3102 1196 3292 1263 Μωσῆν
3338 1197 3452 1265 μετὰ
3474 1198 3555 1249 tl:

2123 1286 2374 1353 λευτῆσαι
2395 1286 2522 1347 τοὺς
2548 1285 2641 1337 δύο
2665 1286 2820 1347 υἱοὺς
2865 1282 3073 1353 Ἀαρὼν
3128 1286 3181 1335 ὲν
3212 1282 3285 1351 τῷ
3310 1301 3556 1354 προσαγαγε

2122 1376 2317 1438 αὐτοὺς
2350 1375 2462 1446 πῦρ
2492 1375 2773 1445 ἀλλότριον
2805 1375 2987 1426 ἔναντι
3021 1373 3236 1443 Κυρίου,
3274 1375 3357 1426 καὶ
3386 1376 3558 1429 ὲτελεύτι

2125 1482 2238 1517 σαν.
2273 1466 2325 1517 2.
2351 1467 2459 1518 Kal
2481 1463 2631 1518 εἶπεν
2650 1466 2855 1535 Κύριος
2880 1464 3016 1534 πρὸς
3046 1464 3257 1533 Μωσῆν·
3277 1464 3481 1534 Λάλησον

2136 1553 2338 1622 Ἀαρὼν
2366 1556 2457 1607 τὸν
2483 1556 2712 1623 ἀδελφόν
2746 1572 2861 1617 σου,
2897 1555 2992 1607 καὶ
3033 1554 3104 1623 μὴ
3154 1554 3499 1624 εἰσπορευὼθω
3523 1558 3558 1607 si

2126 1661 2223 1696 σαν
2252 1643 2397 1714 ὥραν
2431 1646 2510 1706 εἰς
2536 1645 2595 1697 τὸ
2631 1646 2791 1711 ἆγιον
2841 1643 3105 1712 ἐσώτερον
3136 1644 3224 1697 τοῦ
3261 1647 3558 1715 καταπετάσμι

2121 1750 2208 1795 τος
2235 1735 2313 1795 εἰς
2351 1736 2639 1804 πρόσωπον
2667 1734 2763 1788 τοῦ
2826 1734 3155 1805 ίλαστηρίου,
3206 1736 3234 1787 ὃ
3274 1737 3401 1787 ἐστιν
3444 1733 3558 1787 επὶ-εἱ

2123 1821 2351 1876 κιϐωτοῦ
2388 1839 2450 1878 -ι-
2502 1826 2597 1878 τοῦ
2638 1825 2991 1896 μαρτυρίουζ
3026 1826 3119 1877 καὶ
3166 1826 3259 1879 οὐκ
3306 1826 3558 1879 ἀποθανεῖτα

2134 1917 2219 1967 Ἐν
2275 1914 2382 1985 γὰρ
2434 1916 2635 1988 νεφέλῃ
2711 1916 3022 1987 ὀφθήσομαι
3073 1916 3162 1968 ἐπὶ
3206 1915 3292 1968 τοῦ
3343 1915 3558 1987 ἱλαστηρίο

2122 2002 2174 2054 5.
2200 2001 2383 2064 υῦτως
2413 2004 2785 2056 εἰσελεύσεται
2823 2006 3032 2071 Ἀαρὼν
3063 2007 3140 2068 εἰς
3166 2005 3224 2057 τὸ
3242 2005 3378 2073 ἅγιον
3403 2006 3452 2057 ὲν
3467 2005 3558 2075 μόιπ

2122 2091 2185 2142 ὲκ
2209 2090 2343 2158 βοῶν
2377 2092 2505 2161 περὶ
2545 2093 2855 2162 ἁμαρτίας,
2884 2094 2979 2146 καὶ
3028 2095 3176 2163 κριὸν
3201 2097 3274 2156 είς
3302 2093 3558 2162 όλοκαύτωμι

2123 2180 2174 2232 4.
2211 2183 2318 2233 Καὶ
2364 2182 2566 2251 χιτῶνα
2630 2183 2815 2237 λινοῦν
2866 2184 3193 2254 ἡγιασμένον
3245 2183 3492 2243 ἐνδύσεται,
3527 2200 3558 2234 τι

2122 2272 2431 2340 περισκελὶς
2464 2273 2644 2325 λινοῦν
2697 2274 2852 2325 ἔσται
2901 2275 2994 2327 ἐπὶ
3020 2274 3112 2326 τοῦ
3142 2274 3333 2343 χρωτὸς
3357 2273 3501 2337 αὐτοῦ,
3527 2291 3558 2325 ιιι

2125 2362 2265 2434 ζώνῃ
2291 2364 2406 2433 λινῇ
2432 2364 2688 2431 ζὼσεται,
2741 2366 2836 2420 καὶ
2867 2366 3079 2437 κίδαριν
3122 2366 3263 2435 λινῆν
3307 2365 3555 2435 περιθήσετα

2127 2457 2313 2524 ἱμάτια
2341 2456 2474 2524 ams
2503 2458 2655 2509 ἐστι’
2689 2459 2784 2511 καὶ
2834 2458 3084 2511 λούσεται
3114 2458 3257 2511 ὕδατι
3301 2459 3395 2510 πᾶν
3418 2456 3558 2525 τοο-ὦμ

2120 2546 2302 2607 αὑτοῦ,
2334 2548 2427 2599 καὶ
2448 2548 2731 2601 ἐνδύσεται
2755 2546 2917 2602 αὐτά·
2969 2549 3021 2603 5.
3058 2549 3164 2601 Καὶ
3207 2548 3344 2620 παρὰ
3392 2551 3470 2618 τῆς
3503 2564 3558 2599 συν

2120 2636 2336 2704 αγωγῆς
2369 2636 2477 2687 τῶν
2497 2638 2632 2688 υἱῶν
2694 2639 2912 2709 Ἰσραὴλ
2938 2639 3199 2710 λήμψεται
3221 2640 3305 2692 δύο
3330 2639 3558 2709 χιμάρουςὲ

2120 2725 2286 2793 αἰγῶν
2308 2726 2433 2796 περὶ
2462 2727 2762 2799 ἁμαρτίας,
2802 2730 2898 2782 καὶ
2936 2731 3085 2801 κριὸν
3101 2730 3193 2782 ἕνα
3213 2731 3287 2793 είς
3303 2727 3558 2795 όλοκαύτωμι

2119 2813 2169 2865 6.
2202 2815 2308 2866 Kal
2337 2817 2598 2885 προσάξει
2657 2818 2872 2892 Ἀαρὼν
2916 2821 3006 2874 τὸν
3063 2823 3252 2892 μόσχον
3300 2821 3379 2874 τὸν
3404 2819 3557 2891 περὶτῆ

2119 2904 2387 2972 ἁμαρτίας
2419 2907 2609 2973 αὐτοῦ,
2641 2912 2738 2963 καὶ
2782 2911 3082 2975 ὲξιλάσεται
3110 2914 3230 2983 περὶ
3255 2912 3416 2976 αὑτοῦ,
3443 2912 3557 2965 ulto

2118 2992 2263 3044 οίκου
2298 2995 2481 3047 αὑτοῦ.
2532 2997 2588 3051 7.
2648 3002 2761 3053 Kal
2815 3002 3083 3071 λήμψεται
3118 3005 3238 3065 τοὺς
3263 3003 3347 3055 δύο
3377 3003 3558 3072 χιμάρως

2121 3082 2213 3133 καὶ
2247 3084 2428 3153 στήσει
2460 3087 2664 3152 αὐτοὺς
2696 3090 2877 3145 ἔναντι
2917 3092 3118 3163 Κυρίου
3176 3091 3315 3162 παρὰ
3351 3092 3432 3162 τὴν
3474 3089 3558 3157 θύρα

2120 3172 2220 3239 τῆς
2254 3176 2457 3244 σκηνῆς
2480 3178 2579 3230 τοῦ
2615 3181 2942 3251 μαρτυρίου.
2971 3181 3023 3234 8.
3056 3183 3161 3235 Καὶ
3190 3181 3409 3250 ἐπιθήσει
3442 3175 3557 3245 ’Δαρὼ

2118 3262 2208 3313 ἐπὶ
2229 3262 2351 3324 τοὺς
2375 3262 2468 3316 δύο
2499 3268 2777 3339 χιμάρους
2802 3270 3052 3341 κλήρους·
3101 3271 3285 3341 κλῆρον
3306 3270 3389 3323 ἕνα
3431 3267 3488 3336 τῷ
3508 3266 3556 3317 K'J

2118 3350 2236 3419 ρίῳ,
2268 3353 2361 3404 καὶ
2392 3353 2596 3425 κλῆρον
2638 3359 2739 3412 ἕνα
2755 3360 2833 3429 τῷ
2858 3361 3239 3430 ἀποπομπαίῳ.
3263 3362 3311 3415 9.
3356 3359 3444 3412 Kal
3471 3370 3554 3424 προε

2118 3439 2229 3502 άξει
2266 3442 2472 3512 ’Δαρὼν
2499 3445 2595 3499 τὸν
2620 3449 2856 3519 χίμαρον
2905 3451 2990 3519 ἐφ’
3018 3451 3075 3504 ὃν
3100 3450 3316 3519 ἐπῆλθεν
3334 3449 3408 3501 ἐπ’
3432 3444 3541 3500 αὑτὸν

2118 3528 2313 3598 κλῆρος
2350 3532 2427 3601 τῷ
2479 3535 2698 3607 Κυρίῳ,
2751 3540 2845 3591 καὶ
2898 3541 3165 3611 προσοίσει
3215 3541 3331 3611 περὶ
3367 3536 3552 3608 ἁμαρτίας

2123 3618 2206 3673 10.
2238 3621 2347 3673 Kal
2398 3623 2491 3676 τὸν
2539 3627 2800 3699 χίμαρον,
2858 3631 3027 3699 ἔφ’δν
3084 3631 3301 3701 ἐπῆλθεν
3340 3626 3541 3682 ἐπάὐτὸν

2119 3711 2314 3781 κλῆρος
2334 3713 2428 3765 τοῦ
2455 3717 2877 3788 ἀποπομπαίου,
2932 3724 3111 3792 στήσει
3160 3723 3319 3787 ζῶντα
3355 3717 3548 3773 ἐναντιΚι

2123 3802 2258 3870 Ρίουν
2292 3803 2385 3855 τοῦ
2440 3804 2804 3869 ἐξιλάσασθαι
2825 3814 2913 3866 ἐπ’
2934 3814 3118 3867 αὐτοῦ·
3145 3813 3276 3867 ὥστε
3303 3806 3548 3875 tia-tremat

2119 3890 2275 3942 αὑτὸν
2312 3894 2391 3955 εἰς
2417 3894 2517 3965 τὴν
2552 3899 2893 3973 ἀποπομπὴν
2928 3917 2989 3958 -ι-
3021 3904 3211 3974 άφήσει
3241 3900 3381 3955 αὐτὸν
3404 3893 3546 3965 ζειςτί

2120 3978 2341 4049 ἔρημον.
2400 3984 2486 4036 Η.
2534 3989 2646 4041 Kal
2698 3992 2961 4061 προσάξει
3002 3992 3202 4064 Ἀαρὼν
3247 3992 3328 4045 τὸν
3352 3982 3544 4061 μόσχοντί

2123 4072 2245 4139 περὶ¹
2272 4075 2370 4141 τῆς
2401 4076 2683 4147 ἁμαρτίας
2712 4083 2804 4134 τὸν
2842 4084 3027 4147 αὐτοῦ,
3085 4085 3175 4137 καὶ
3227 4082 3544 4147 ἐξιλάσεταιπιπ

2120 4157 2280 4209 αὑτοῦ
2306 4162 2399 4213 καὶ
2430 4166 2526 4217 τοῦ
2556 4167 2711 4221 οἴκου
2741 4171 2931 4235 αὐτοῦ,
2972 4172 3065 4226 καὶ
3117 4172 3295 4241 σφάξει
3341 4169 3415 4221 τδν
3442 4163 3542 4235 μόσκι

2118 4247 2205 4300 τὸν
2238 4250 2365 4319 περὶ
2390 4251 2491 4321 τῆς
2519 4258 2798 4329 ἁμαρτίας
2820 4262 2911 4315 τὸν
2938 4262 3118 4316 αὐτοῦ.
3162 4262 3241 4315 12.
3272 4258 3366 4313 Καὶ
3386 4254 3540 4324 "illi"

2119 4338 2178 4389 τὸ
2205 4343 2425 4411 πυρεῖον
2452 4345 2668 4416 πλῆρες
2706 4350 2991 4420 ἀνθράκων
3022 4352 3185 4423 πυρὸς
3212 4350 3308 4403 ἀπὸ
3343 4346 3419 4399 τοῦ
3445 4344 3540 4395 Ova:

2121 4425 2337 4495 στηρίου
2366 4430 2459 4482 τοῦ
2489 4434 2756 4489 ἀπέναντι
2786 4438 3007 4509 Κυρίου.
3028 4440 3133 4494 Kal
3155 4438 3325 4509 πλήσει
3346 4434 3424 4495 τὰς
3447 4431 3538 4499 χείρ

2119 4514 2282 4566 αὑτοῦ
2315 4514 2666 4590 θυμιάματος
2715 4527 3012 4591 συνθέσεως
3066 4528 3269 4597 λεπτῆς,
3298 4514 3536 4578 sal-tim

2121 4604 2379 4675 ἐσώτερον
2406 4610 2503 4662 τοῦ
2548 4618 3056 4689 καταπετάσματος,
3107 4619 3187 4673 15.
3214 4617 3309 4671 Kal
3328 4611 3536 4679 ἐπιθήσειν

2121 4691 2364 4763 θυμίαμα
2409 4697 2505 4750 ἐπὶ
2539 4702 2602 4754 τὸ
2629 4704 2742 4775 πῦρ
2776 4705 2953 4761 ἔναντι
2985 4707 3200 4778 Κυρίου,
3231 4703 3315 4758 καὶ
3347 4695 3518 4764 καλύψει

2119 4782 2277 4851 ἀτμὶς
2306 4785 2399 4837 τοῦ
2432 4786 2780 4862 θυμίαματος
2802 4796 2864 4849 τὸ
2897 4796 3192 4867 ἱλαστήριον
3211 4795 3266 4847 τὸ
3289 4786 3462 4844 ἐπὶτῶν
3478 4795 3532 4852 με

2119 4870 2339 4940 τυρίων,
2365 4878 2457 4928 καὶ
2494 4881 2598 4934 οὐκ
2623 4884 2992 4939 ἀποθανεῖται.
3028 4886 3106 4939 id.
3141 4883 3241 4937 Kal
3267 4870 3532 4952 λήμψεταιά

2118 4956 2210 5008 τοῦ
2243 4961 2474 5031 αἵματος
2502 4969 2600 5021 τοῦ
2652 4971 2875 5041 μόσχου,
2905 4974 2998 5028 καὶ
3021 4976 3165 5045 pavet
3206 4970 3274 5040 τῷ
3297 4956 3530 5045 δακτύλῳᾴ

2118 5045 2208 5096 τοῦ
2237 5048 2329 5099 ἐπὶ
2350 5051 2412 5103 τὸ
2462 5055 2777 5130 ἱλαστήριον
2821 5064 2960 5117 κατὰ
3003 5042 3261 5123 avaram.
3312 5052 3423 5109 κατὰ
3448 5042 3528 5116 πρά

2117 5150 2262 5187 ωπον
2278 5138 2373 5222 τοῦ
2399 5139 2594 5217 ίλαστη
2603 5148 2736 5219 ρίου·
2756 5151 2849 5203 καὶ
2877 5153 3025 5222 ῥανεῖ
3042 5152 3248 5212 ἑπτάκις
3258 5145 3347 5202 ἀπὸ
3366 5135 3528 5203 τοῦιιῖίΙ

2119 5234 2207 5306 τος
2244 5221 2323 5291 τῷ
2352 5224 2606 5304 δακτύλῳ
2634 5226 2817 5289 αὐτοῦ.
2847 5221 2932 5294 l5.
2969 5240 3075 5293 Kal
3115 5236 3284 5306 σφάξει
3307 5231 3380 5284 τὸν
3398 5226 3526 5298 κίμαμ

2117 5304 2208 5399 ῗῗν
2237 5311 2364 5399 περὶ
2387 5314 2489 5386 τῆς
2520 5322 2797 5396 ἁμαρτίας
2824 5328 2914 5381 τὸν
2942 5328 3086 5399 παρὰ
3113 5304 3198 5381 τόδ
3235 5321 3339 5378 λαοῦ
3362 5332 3410 5372 +
3434 5313 3524 5365 tm

2119 5395 2325 5488 Κῖξρίου
2355 5404 2377 5472 ζ
2407 5409 2503 5461 καὶ
2528 5395 2750 5468 εἰσοίσει
2803 5417 2896 5470 τοῦ
2951 5395 3166 5488 αἵματος
3194 5411 3329 5469 αὖτοῦ

2118 5486 2210 5579 τοῦ
2244 5499 2755 5572 καταπετάσματος.
2791 5508 2901 5562 Kal
2941 5474 3212 5579 ποιήσει’τὸ
3239 5495 3350 5571 αἷμα
3375 5474 3522 5553 αὑτοῦ,

2105 5577 2308 5669 τρόπον
2338 5584 2599 5659 ἐποίησεν
2653 5596 2717 5648 τὸ
2747 5594 2883 5667 αἷμα
2914 5600 3006 5653 τοῦ
3043 5577 3222 5669 μόσχου
3266 5591 3341 5645 καὶ
3382 5578 3520 5669 ῥανδῖἳ

2106 5659 2246 5735 αἷμα
2278 5674 2446 5732 αὑτοῦ
2472 5658 2569 5734 ἐπὶ
2597 5685 2659 5737 τδ
2711 5658 3055 5761 ιλαὲτήριον,’
3080 5658 3201 5743 καὲἀ
3228 5681 3450 5749 πρόσωπον
3480 5658 3519 5715 τε
